日期时间,代码,中文名称,英文名称,交易类型,最新价,涨跌额,涨跌幅,昨收,今开,最高,最低,成交量,成交额,买一,卖一
20250812135700.0,1,长和,CKH HOLDINGS,,51.15,-0.2,-0.38948,51.35,51.0,51.55,50.85,3190766,163388491,51.1,51.15
20250812135722.0,2,中电控股,CLP HOLDINGS,,66.95,-0.3,-0.4461,67.25,67.1,67.3,66.85,2453233,164384323,66.9,66.95
20250812135611.0,3,香港中华煤气,HK & CHINA GAS,,7.15,0.0,0.0,7.15,7.14,7.18,7.12,8030399,57499968,7.15,7.16
20250812135643.0,4,九龙仓集团,WHARF HOLDINGS,,21.68,-0.12,-0.55046,21.8,21.6,21.86,21.6,252947,5510176,21.68,21.7
20250812135708.0,5,汇丰控股,HSBC HOLDINGS,,99.85,-0.1,-0.10005,99.95,99.85,100.1,99.6,4955734,494811295,99.8,99.85
20250812135654.0,6,电能实业,POWER ASSETS,,52.65,-0.55,-1.03384,53.2,53.0,53.3,52.65,758474,40050488,52.65,52.75
20250812085500.0,7,智富资源投资,WISDOM WEALTH,,0.032,0.0,0.0,0.032,0.0,0.0,0.0,0,0,0.0,0.0
20250812135715.0,8,电讯盈科,PCCW,,5.5,-0.03,-0.5425,5.53,5.51,5.53,5.49,4804148,26486799,5.49,5.51
20250812085500.0,9,金奥国际,KEYNE LTD,,0.013,0.0,0.0,0.013,0.0,0.0,0.0,0,0,0.0,0.0
20250812135623.0,10,恒隆集团,HANG LUNG GROUP,,14.3,-0.04,-0.27894,14.34,14.34,14.45,14.27,428761,6163183,14.3,14.31
20250812135728.0,11,恒生银行,HANG SENG BANK,,115.1,0.4,0.34874,114.7,114.7,115.5,114.1,1061263,121986724,115.1,115.2
20250812135715.0,12,恒基地产,HENDERSON LAND,,28.2,-0.28,-0.98315,28.48,28.6,28.6,28.1,2116622,59724682,28.16,28.2
20250812135727.0,13,和黄医药,HUTCHMED,,24.06,-0.1,-0.41391,24.16,24.24,24.3,23.68,9673000,231660460,24.04,24.06
20250812135628.0,14,希慎兴业,HYSAN DEV,,15.65,-0.12,-0.76094,15.77,15.62,15.75,15.62,736073,11549408,15.65,15.66
20250812135644.0,16,新鸿基地产,SHK PPT,,93.95,-0.35,-0.37116,94.3,94.0,94.7,93.85,919644,86594432,93.95,94.0
20250812135708.0,17,新世界发展,NEW WORLD DEV,,6.63,-0.3,-4.329,6.93,6.97,6.97,6.62,16255654,109108736,6.63,6.64
20250812133957.0,18,东方企控集团,ORIENTAL E H,,0.355,-0.015,-4.05405,0.37,0.355,0.365,0.355,42000,14930,0.355,0.365
20250812135138.0,19,太古股份公司Ａ,SWIRE PACIFIC A,,67.55,0.05,0.07407,67.5,67.5,67.9,67.4,586439,39680079,67.55,67.6
20250812135726.0,20,商汤－Ｗ,SENSETIME-W,,1.64,0.01,0.6135,1.63,1.63,1.68,1.6,333786486,547549201,1.64,1.65
20250812131236.0,21,大中华控股,GREAT CHI HLDGS,,0.133,0.004,3.10078,0.129,0.133,0.133,0.133,10000,1330,0.127,0.132
20250812130602.0,22,茂盛控股,MEXAN,,0.16,-0.004,-2.43902,0.164,0.174,0.174,0.158,3240000,541120,0.159,0.164
20250812135701.0,23,东亚银行,BANK OF E ASIA,,12.83,0.02,0.15613,12.81,12.81,12.88,12.78,272328,3494232,12.81,12.83
20250812134616.0,25,CHEVALIER INT'L,CHEVALIER INT'L,,3.96,0.0,0.0,3.96,3.96,3.96,3.96,6000,23760,3.97,4.11
20250812134627.0,26,中华汽车,CHINA MOTOR BUS,,60.0,0.2,0.33445,59.8,59.95,60.1,59.95,9400,564070,59.65,60.1
20250812135724.0,27,银河娱乐,GALAXY ENT,,40.28,0.72,1.82002,39.56,39.32,40.52,39.1,11154047,444796390,40.28,40.32
20250812134548.0,28,天安,TIAN AN,,4.74,0.03,0.63694,4.71,4.7,4.74,4.7,102000,480990,4.72,4.75
20250812135728.0,29,达力集团,DYNAMIC HOLD,,12.99,0.04,0.30888,12.95,13.02,13.02,12.87,80000,1034340,12.92,13.0
20250812135712.0,30,云白国际,YNBY INTL,,0.265,-0.025,-8.62069,0.29,0.29,0.29,0.265,6988000,1912900,0.26,0.265
20250812135258.0,31,航天控股,CHINA AEROSPACE,,0.5,-0.01,-1.96078,0.51,0.51,0.52,0.5,2572800,1302824,0.5,0.51
20250812135517.0,32,港通控股,CROSS-HAR(HOLD),,8.22,0.01,0.1218,8.21,8.19,8.22,8.19,7355,60232,8.22,8.35
20250812112249.0,33,INTL GENIUS,INTL GENIUS,,0.62,-0.01,-1.5873,0.63,0.63,0.64,0.62,192000,120060,0.62,0.63
20250812131721.0,34,九龙建业,KOWLOON DEV,,3.36,-0.05,-1.46628,3.41,3.39,3.39,3.36,105000,354440,3.36,3.37
20250812135407.0,35,远东发展,FE CONSORT INTL,,0.87,0.07,8.75,0.8,0.8,0.87,0.8,1984137,1663029,0.85,0.87
20250812134659.0,36,远东控股国际,FE HLDGS INTL,,0.285,0.02,7.54717,0.265,0.28,0.29,0.28,138000,39180,0.275,0.315
20250812130724.0,37,远东酒店实业,FE HOTELS,,0.47,-0.005,-1.05263,0.475,0.465,0.47,0.46,390000,180590,0.465,0.47
20250812135259.0,38,第一拖拉机股份,FIRST TRACTOR,,7.17,0.0,0.0,7.17,7.22,7.22,7.13,478000,3427080,7.17,7.18
20250812135640.0,39,中国北大荒,CH BEIDAHUANG,,0.095,0.0,0.0,0.095,0.098,0.099,0.092,5992000,576544,0.095,0.097
20250812112614.0,40,金山科技工业,GOLD PEAK,,0.66,0.0,0.0,0.66,0.71,0.71,0.66,195000,133670,0.66,0.68
20250812135144.0,41,鹰君,GREAT EAGLE H,,14.61,-0.15,-1.01626,14.76,14.56,14.65,14.5,141000,2059829,14.61,14.64
20250812131848.0,42,东北电气,NE ELECTRIC,,0.31,0.0,0.0,0.31,0.305,0.32,0.3,138000,42150,0.3,0.31
20250812135724.0,45,大酒店,HK&S HOTELS,,5.83,-0.04,-0.68143,5.87,5.85,5.85,5.81,27594,161343,5.83,5.85
20250812130002.0,46,科联系统,COMPUTER & TECH,,1.6,0.0,0.0,1.6,0.0,0.0,0.0,0,0,1.57,1.64
20250812135335.0,48,中国汽车内饰,C AUTO INT DECO,,0.18,0.0,0.0,0.18,0.0,0.0,0.0,0,0,0.182,0.192
20250812131031.0,50,香港小轮（集团）,HK FERRY (HOLD),,4.95,0.0,0.0,4.95,4.95,4.95,4.93,64000,315580,4.93,4.95
20250812135348.0,51,海港企业,HARBOUR CENTRE,,4.5,0.04,0.89686,4.46,4.5,4.5,4.5,4000,18000,4.42,4.5
20250812135353.0,52,大快活集团,FAIRWOOD HOLD,,5.5,-0.06,-1.07914,5.56,5.5,5.5,5.5,500,2750,5.51,5.58
20250812134941.0,53,国浩集团,GUOCO GROUP,,74.05,0.0,0.0,74.05,0.0,0.0,0.0,1000,74100,74.05,75.9
20250812135319.0,55,中星集团控股,NEWAY GROUP,,0.235,0.02,9.30233,0.215,0.235,0.235,0.235,10000,2350,0.203,0.228
20250812115611.0,57,震雄集团,CHEN HSONG HOLD,,1.64,-0.01,-0.60606,1.65,1.65,1.65,1.64,4000,6580,1.64,1.65
20250812113955.0,58,新威国际,SUNWAY INT'L,,0.142,0.0,0.0,0.142,0.0,0.0,0.0,0,0,0.139,0.142
20250812085500.0,59,天誉置业,SKYFAME REALTY,,0.01,0.0,0.0,0.01,0.0,0.0,0.0,0,0,0.0,0.0
20250812091054.0,60,香港食品投资,HK FOOD INV,,0.46,0.0,0.0,0.46,0.0,0.0,0.0,0,0,0.435,0.46
20250812133106.0,61,绿领控股,GREEN LEADER,,0.113,0.0,0.0,0.113,0.113,0.113,0.113,240000,27120,0.11,0.113
20250812135253.0,62,载通,TRANSPORT INT'L,,9.05,-0.01,-0.11038,9.06,8.99,9.05,8.99,25600,230872,9.05,9.08
20250812103145.0,63,中亚烯谷集团,CHI ASIA VALLEY,,0.06,0.0,0.0,0.06,0.065,0.065,0.06,200000,12580,0.06,0.065
20250812135425.0,64,结好控股,GET NICE,,0.148,-0.001,-0.67114,0.149,0.148,0.15,0.148,1380000,204376,0.148,0.151
20250812115506.0,65,弘海高新资源,GRAND OCEAN AR,,0.55,-0.04,-6.77966,0.59,0.59,0.59,0.53,96000,52560,0.55,0.57
20250812135331.0,66,港铁公司,MTR CORPORATION,,28.14,0.16,0.57184,27.98,27.94,28.28,27.92,1845079,51947591,28.14,28.16
20250812135424.0,69,香格里拉（亚洲）,SHANGRI-LA ASIA,,4.56,0.0,0.0,4.56,4.59,4.59,4.55,164000,750140,4.56,4.58
20250812111801.0,70,金粤控股,RICH GOLDMAN,,0.065,-0.001,-1.51515,0.066,0.068,0.068,0.065,315000,21025,0.066,0.07
20250812132002.0,71,美丽华酒店,MIRAMAR HOTEL,,9.88,-0.07,-0.70352,9.95,9.9,9.93,9.87,30000,296670,9.86,9.93
20250812130025.0,72,超媒体控股,META MEDIA,,0.29,0.0,0.0,0.29,0.0,0.0,0.0,0,0,0.255,0.305
20250812130008.0,73,亚洲果业,ASIAN CITRUS,,2.2,0.0,0.0,2.2,0.0,0.0,0.0,0,0,1.91,2.25
20250812135531.0,75,渝太地产,Y.T. REALTY,,0.185,0.0,0.0,0.185,0.0,0.0,0.0,0,0,0.0,0.185
20250812135605.0,76,谊砾控股,ELATE HOLDINGS,,0.285,-0.005,-1.72414,0.29,0.29,0.3,0.285,1978520,578793,0.285,0.29
20250812130001.0,77,进智公共交通,AMS TRANSPORT,,0.43,-0.025,-5.49451,0.455,0.45,0.45,0.43,116000,50080,0.44,0.45
20250812131017.0,78,REGAL INT'L,REGAL INT'L,,0.54,-0.01,-1.81818,0.55,0.53,0.54,0.53,110000,58940,0.54,0.55
20250812090320.0,79,世纪建业,CENTURY LEGEND,,0.108,0.0,0.0,0.108,0.0,0.0,0.0,0,0,0.1,0.108
20250812135411.0,80,中国新经济投资,CNEWECON FUND,,0.4,0.025,6.66667,0.375,0.38,0.43,0.38,68490000,24181400,0.395,0.4
20250812135727.0,81,中国海外宏洋集团,CH OVS G OCEANS,,2.28,0.21,10.14493,2.07,2.08,2.37,2.07,54899840,121547272,2.27,2.28
20250812135313.0,82,疯狂体育,CRAZY SPORTS,,0.089,0.0,0.0,0.089,0.087,0.091,0.087,8475000,760133,0.089,0.09
20250812135640.0,83,信和置业,SINO LAND,,9.45,-0.14,-1.45985,9.59,9.55,9.64,9.44,1952638,18614340,9.45,9.46
20250812132158.0,84,宝光实业,STELUX HOLDINGS,,0.071,0.001,1.42857,0.07,0.071,0.071,0.071,20000,1420,0.07,0.077
20250812135621.0,85,中电华大科技,CE HUADA TECH,,1.79,0.06,3.46821,1.73,1.73,1.81,1.69,11462400,20007292,1.79,1.8
20250812135524.0,86,新鸿基公司,SUN HUNG KAI CO,,3.93,0.03,0.76923,3.9,3.89,3.95,3.87,493000,1924557,3.92,3.93
20250812135351.0,87,太古股份公司Ｂ,SWIRE PACIFIC B,,12.18,0.02,0.16447,12.16,12.3,12.3,12.15,300000,3657087,12.16,12.19
20250812133705.0,88,TAI CHEUNG HOLD,TAI CHEUNG HOLD,,3.38,0.02,0.59524,3.36,3.37,3.4,3.37,209000,709050,3.38,3.4
20250812130016.0,89,大生地产,TAI SANG LAND,,2.06,0.0,0.0,2.06,0.0,0.0,0.0,0,0,2.06,2.14
20250812132946.0,90,普星能量,PUXING ENERGY,,1.98,0.02,1.02041,1.96,1.96,1.98,1.95,132000,259200,1.95,1.98
20250812131958.0,92,冠军科技集团,CHAMPION TECH,,0.215,0.002,0.93897,0.213,0.213,0.215,0.213,251271,53854,0.21,0.215
20250812103506.0,93,零在科技金融,ZERO FINTECH,,0.57,0.0,0.0,0.57,0.0,0.0,0.0,0,0,0.5,0.58
20250812135632.0,94,绿心集团,GREENHEART GP,,0.06,0.005,9.09091,0.055,0.055,0.061,0.055,1840000,106880,0.056,0.062
20250812105812.0,95,绿景中国地产,LVGEM CHINA,,0.29,-0.01,-3.33333,0.3,0.29,0.305,0.29,856000,253320,0.29,0.3
20250812134417.0,96,YUSEI,YUSEI,,0.67,0.04,6.34921,0.63,0.64,0.67,0.64,88000,57100,0.65,0.67
20250812134040.0,97,恒基发展,HENDERSON INV,,0.143,0.006,4.37956,0.137,0.138,0.144,0.138,1055644,148409,0.142,0.143
20250812114924.0,98,兴发铝业,XINGFA ALUM,,8.59,0.0,0.0,8.59,8.59,8.59,8.59,1000,8590,8.5,8.58
20250812114805.0,99,王氏国际,WONG'S INT'L,,1.35,0.0,0.0,1.35,1.35,1.35,1.35,41814,56424,1.35,1.4
20250812135644.0,101,恒隆地产,HANG LUNG PPT,,8.15,0.02,0.246,8.13,8.15,8.25,8.13,5838359,47882646,8.14,8.15
20250812085500.0,102,凯升控股,SUMMIT ASCENT,,0.047,0.0,0.0,0.047,0.0,0.0,0.0,0,0,0.0,0.0
20250812130002.0,103,首佳科技,SHOUGANG CENT,,0.56,0.0,0.0,0.56,0.56,0.56,0.56,184000,103040,0.56,0.57
20250812105659.0,104,ASIA COMM HOLD,ASIA COMM HOLD,,0.255,0.0,0.0,0.255,0.26,0.26,0.255,130000,33450,0.255,0.265
20250812135504.0,105,凯联国际酒店,ASSO INT HOTELS,,5.2,0.0,0.0,5.2,0.0,0.0,0.0,2000,10400,5.16,5.2
20250812134717.0,106,朗诗绿色管理,LANDSEA MGMT,,0.024,0.001,4.34783,0.023,0.023,0.024,0.022,976000,22540,0.021,0.024
20250812135357.0,107,四川成渝高速公路,SICHUAN EXPRESS,,4.86,-0.04,-0.81633,4.9,4.85,4.94,4.85,1138000,5551020,4.85,4.88
20250812134903.0,108,国锐生活,GR LIFE STYLE,,1.17,0.0,0.0,1.17,1.15,1.21,1.15,552000,651700,1.16,1.18
20250812093010.0,110,中国长远,CHINA FORTUNE,,0.18,0.0,0.0,0.18,0.0,0.0,0.0,0,0,0.18,0.185
20250812135430.0,111,信达国际控股,CINDA INTL HLDG,,0.55,0.0,0.0,0.55,0.55,0.55,0.55,138000,75900,0.55,0.57
20250812135607.0,113,迪生创建,DICKSON CONCEPT,,5.2,0.04,0.77519,5.16,5.23,5.29,5.16,515500,2678885,5.2,5.21
20250812090024.0,114,HERALD HOLD,HERALD HOLD,,0.58,0.0,0.0,0.58,0.0,0.0,0.0,0,0,0.57,0.59
20250812113037.0,115,钧濠集团,GRAND FIELD GP,,2.8,0.0,0.0,2.8,0.0,0.0,0.0,225,562,2.48,0.0
20250812133342.0,116,周生生,CHOW SANG SANG,,8.7,0.03,0.34602,8.67,8.72,8.74,8.68,105566,919387,8.7,8.71
20250812131722.0,117,天利控股集团,TIANLI HOLDINGS,,0.6,0.0,0.0,0.6,0.0,0.0,0.0,0,0,0.56,0.6
20250812130017.0,118,大同机械,COSMOS MACH,,0.26,0.0,0.0,0.26,0.0,0.0,0.0,0,0,0.232,0.28
20250812135629.0,119,保利置业集团,POLY PROPERTY,,1.62,0.03,1.88679,1.59,1.59,1.63,1.58,8583445,13837295,1.62,1.63
20250812135637.0,120,COSMOPOL INT'L,COSMOPOL INT'L,,0.126,0.01,8.62069,0.116,0.119,0.129,0.119,1345200,165940,0.125,0.127
20250812130003.0,122,鳄鱼恤,CROCODILE,,1.98,-0.03,-1.49254,2.01,2.0,2.0,1.98,45000,89670,1.98,2.04
20250812135708.0,123,越秀地产,YUEXIU PROPERTY,,4.83,-0.01,-0.20661,4.84,4.84,4.87,4.8,8770609,42434536,4.83,4.84
20250812135037.0,124,粤海置地,GD LAND,,0.275,0.005,1.85185,0.27,0.27,0.275,0.27,870245,237055,0.275,0.28
20250812131944.0,125,新兴光学,SUN HING VISION,,0.41,0.0,0.0,0.41,0.41,0.41,0.41,80000,32800,0.39,0.41
20250812130104.0,126,佳宁娜,CARRIANNA,,0.113,-0.003,-2.58621,0.116,0.129,0.129,0.113,16000,2032,0.115,0.129
20250812131200.0,127,华人置业,CHINESE EST H,,1.32,-0.02,-1.49254,1.34,1.32,1.32,1.32,57500,75900,1.33,1.34
20250812090000.0,128,安宁控股,ENM HOLDINGS,,0.27,0.0,0.0,0.27,0.0,0.0,0.0,0,0,0.26,0.27
20250812131904.0,129,泛海集团,ASIA STANDARD,,0.325,0.01,3.1746,0.315,0.315,0.325,0.315,114000,37010,0.315,0.325
20250812130025.0,130,慕诗国际,MOISELLE INT'L,,0.139,0.002,1.45985,0.137,0.139,0.139,0.139,10000,1390,0.13,0.137
20250812135558.0,131,卓能（集团）,CHEUK NANG HOLD,,1.46,-0.04,-2.66667,1.5,1.5,1.46,1.42,109299,157050,1.44,1.47
20250812130005.0,132,兴业控股,HING YIP HLDGS,,0.255,-0.045,-15.0,0.3,0.245,0.255,0.245,11000,2795,0.248,0.255
20250812134403.0,133,招商局中国基金,CHINA MERCHANTS,,15.62,0.06,0.3856,15.56,15.72,15.76,15.56,32000,501140,15.56,15.62
20250812135723.0,135,昆仑能源,KUNLUN ENERGY,,7.69,-0.01,-0.12987,7.7,7.7,7.79,7.67,4090129,31640955,7.68,7.69
20250812135653.0,136,中国儒意,CHINA RUYI,,2.89,-0.03,-1.0274,2.92,2.9,2.91,2.87,14520800,42024180,2.88,2.89
20250812113044.0,137,金辉集团,JINHUI HOLDINGS,,0.66,-0.04,-5.71429,0.7,0.67,0.67,0.66,35000,23300,0.68,0.71
20250812132643.0,138,中建富通,CCT FORTIS,,0.08,-0.005,-5.88235,0.085,0.08,0.081,0.08,38500,3081,0.08,0.084
20250812135233.0,139,小鱼盈通,SMART FISH,,0.023,0.002,9.52381,0.021,0.021,0.024,0.02,398049226,8879860,0.022,0.023
20250812135720.0,142,第一太平,FIRST PACIFIC,,6.44,0.01,0.15552,6.43,6.45,6.48,6.39,1620000,10424244,6.44,6.45
20250812135725.0,144,招商局港口,CHINA MER PORT,,16.12,0.03,0.18645,16.09,16.1,16.27,16.01,1521230,24575216,16.1,16.14
20250812131638.0,145,信能低碳,CCIAM FUTURE EN,,0.207,0.0,0.0,0.207,0.0,0.0,0.0,0,0,0.203,0.208
20250812132843.0,146,TAI PING CARPET,TAI PING CARPET,,1.44,-0.01,-0.68966,1.45,1.44,1.44,1.44,10000,14400,1.44,1.5
20250812135503.0,147,国际商业结算,IB SETTLEMENT,,0.27,-0.035,-11.47541,0.305,0.305,0.31,0.265,33190000,9627800,0.265,0.27
20250812135705.0,148,建滔集团,KINGBOARD HLDG,,28.82,-0.04,-0.1386,28.86,28.94,29.6,28.76,1466000,42724512,28.8,28.82
20250812134834.0,149,中国农产品交易,CH AGRI-PROD EX,,0.064,0.004,6.66667,0.06,0.067,0.067,0.061,2538017,162811,0.062,0.064
20250812133930.0,150,HYPEBEAST,HYPEBEAST,,0.156,0.001,0.64516,0.155,0.157,0.16,0.155,971700,154923,0.156,0.16
20250812135556.0,151,中国旺旺,WANT WANT CHINA,,5.76,0.04,0.6993,5.72,5.72,5.8,5.71,2987147,17201728,5.75,5.76
20250812135708.0,152,深圳国际,SHENZHEN INT'L,,7.97,-0.08,-0.99379,8.05,8.05,8.05,7.97,1568350,12542345,7.97,7.99
20250812132110.0,154,北京控股环境集团,BE ENVIRONMENT,,0.63,0.0,0.0,0.63,0.63,0.63,0.63,63000,39690,0.61,0.63
20250812132938.0,156,力宝华润,LIPPO CHINA RES,,0.71,0.0,0.0,0.71,0.7,0.71,0.7,104000,73340,0.7,0.72
20250812130025.0,157,自然美,NATURAL BEAUTY,,0.55,0.0,0.0,0.55,0.55,0.55,0.55,100000,55000,0.54,0.6
20250812130241.0,158,万邦投资,MELBOURNE ENT,,61.6,0.0,0.0,61.6,0.0,0.0,0.0,0,0,61.0,64.0
20250812135709.0,159,布莱克万矿业,BROCKMAN MINING,,0.154,0.006,4.05405,0.148,0.149,0.154,0.149,412000,61820,0.154,0.156
20250812093014.0,160,汉国置业,HON KWOK LAND,,1.06,0.0,0.0,1.06,0.0,0.0,0.0,0,0,1.05,1.07
20250812093009.0,162,世纪金花,CENTURY GINWA,,0.06,0.0,0.0,0.06,0.0,0.0,0.0,0,0,0.053,0.063
20250812133157.0,163,英皇国际,EMPEROR INT'L,,0.19,0.0,0.0,0.19,0.19,0.196,0.189,590000,112120,0.188,0.19
20250812130043.0,164,中国宝力科技,CHINA BAOLI TEC,,0.44,0.015,3.52941,0.425,0.425,0.44,0.425,135000,58050,0.415,0.435
20250812135644.0,165,中国光大控股,CHINA EB LTD,,9.09,0.01,0.11013,9.08,9.14,9.27,8.91,11844258,107634871,9.09,9.11
20250812133021.0,166,新时代集团控股,NEW TIMES CORP,,0.052,0.0,0.0,0.052,0.053,0.054,0.052,1282000,68100,0.051,0.052
20250812132801.0,167,IDT INT'L,IDT INT'L,,1.42,0.0,0.0,1.42,0.0,0.0,0.0,18000,25560,1.18,1.42
20250812135717.0,168,青岛啤酒股份,TSINGTAO BREW,,50.65,0.55,1.0978,50.1,50.0,51.2,50.0,2626355,133338864,50.7,50.75
20250812135202.0,169,万达酒店发展,WANDA HOTEL DEV,,0.62,-0.01,-1.5873,0.63,0.62,0.62,0.61,3973000,2463150,0.61,0.62
20250812130828.0,171,银建国际,SILVER GRANT,,0.1,0.0,0.0,0.1,0.0,0.0,0.0,0,0,0.097,0.103
20250812133239.0,173,嘉华国际,K. WAH INT'L,,2.44,-0.02,-0.81301,2.46,2.48,2.49,2.43,1502906,3669704,2.43,2.44
20250812115934.0,174,盛洋投资,GEMINI INV,,0.191,0.0,0.0,0.191,0.0,0.0,0.0,0,0,0.187,0.209
20250812135726.0,175,吉利汽车,GEELY AUTO,,19.22,0.35,1.8548,18.87,19.01,19.51,18.86,57591779,1103906910,19.22,19.23
20250812085500.0,176,先机企业集团,SUPERACTIVE GP,,0.013,0.0,0.0,0.013,0.0,0.0,0.0,0,0,0.0,0.0
20250812135725.0,177,江苏宁沪高速公路,JIANGSU EXPRESS,,9.99,0.01,0.1002,9.98,9.97,10.02,9.97,908502,9078340,9.98,9.99
20250812133445.0,178,莎莎国际,SA SA INT'L,,0.6,-0.01,-1.63934,0.61,0.61,0.61,0.6,334000,201460,0.6,0.61
20250812135707.0,179,德昌电机控股,JOHNSON ELEC H,,24.28,-0.92,-3.65079,25.2,25.4,25.4,24.14,2190572,53797136,24.26,24.3
20250812093009.0,180,开达集团,KADER HOLDINGS,,0.23,0.0,0.0,0.23,0.0,0.0,0.0,0,0,0.228,0.232
20250812130019.0,181,闽港控股,FUJIAN HOLDINGS,,0.094,0.0,0.0,0.094,0.0,0.0,0.0,0,0,0.089,0.11
20250812135717.0,182,协合新能源,CONCORD NE,,0.42,0.0,0.0,0.42,0.42,0.425,0.415,5320000,2235500,0.415,0.42
20250812130932.0,183,宏辉集团,WINFULL GP,,0.236,0.0,0.0,0.236,0.0,0.0,0.0,0,0,0.231,0.236
20250812132512.0,184,激成投资,KECK SENG INV,,2.61,-0.09,-3.33333,2.7,2.65,2.65,2.61,52000,137720,2.63,2.79
20250812130016.0,185,正商实业,ZENSUN ENT,,0.118,0.0,0.0,0.118,0.0,0.0,0.0,0,0,0.118,0.127
20250812085500.0,186,敏捷控股,NIMBLE HOLDINGS,,0.194,0.0,0.0,0.194,0.0,0.0,0.0,0,0,0.0,0.0
20250812135609.0,187,京城机电股份,JINGCHENG MAC,,5.21,-0.17,-3.15985,5.38,5.38,5.38,5.18,4442000,23362900,5.2,5.21
20250812135346.0,188,新华汇富金融,SUNWAH KINGSWAY,,0.28,0.0,0.0,0.28,0.28,0.28,0.28,79000,22040,0.28,0.29
20250812135728.0,189,东岳集团,DONGYUE GROUP,,11.59,0.19,1.66667,11.4,11.4,11.83,11.4,13137296,153017084,11.59,11.6
20250812133915.0,191,丽新国际,LAI SUN INT'L,,0.55,-0.01,-1.78571,0.56,0.55,0.55,0.55,1000,550,0.56,0.58
20250812113848.0,193,冠中地产,CAPITAL ESTATE,,0.221,0.005,2.31482,0.216,0.215,0.221,0.215,109000,23837,0.215,0.222
20250812133455.0,194,廖创兴企业,LIU CHONG HING,,4.76,-0.01,-0.20964,4.77,4.76,4.76,4.76,14000,66640,4.66,4.77
20250812085500.0,195,绿科科技国际,GREENTECH INTL,,0.28,0.0,0.0,0.28,0.0,0.0,0.0,0,0,0.0,0.0
20250812135356.0,196,宏华集团,HONGHUA GROUP,,0.242,0.0,0.0,0.242,0.242,0.242,0.24,771000,185170,0.242,0.244
20250812135319.0,197,亨泰,HENG TAI,,0.39,-0.04,-9.30233,0.43,0.4,0.4,0.39,80000,32350,0.385,0.39
20250812135355.0,199,德祥地产,ITC PROPERTIES,,0.193,-0.017,-8.09524,0.21,0.209,0.209,0.193,20337,4227,0.194,0.205
20250812135722.0,200,新濠国际发展,MELCO INT'L DEV,,5.0,-0.01,-0.1996,5.01,5.01,5.1,5.0,5020672,25309838,5.0,5.01
20250812130023.0,201,华大酒店,MAGNIFICENT,,0.069,0.0,0.0,0.069,0.0,0.0,0.0,0,0,0.068,0.07
20250812134444.0,202,润中国际控股,EVERCHINA INT'L,,0.18,-0.002,-1.0989,0.182,0.2,0.204,0.16,9200000,1669775,0.178,0.183
20250812135200.0,204,资本界金控（新）,CAP REALM-NEW,,0.98,0.02,2.08333,0.96,0.98,1.05,0.98,915000,922100,0.98,0.99
20250812133249.0,205,财讯传媒,SEEC MEDIA,,0.295,-0.015,-4.83871,0.31,0.315,0.315,0.295,410000,123100,0.295,0.325
20250812133946.0,206,华商能源,CM-ENERGY,,0.255,0.006,2.40964,0.249,0.25,0.26,0.25,1342000,339960,0.249,0.255
20250812135554.0,207,大悦城地产,JOY CITY PPT,,0.55,0.01,1.85185,0.54,0.54,0.55,0.54,100832000,55257820,0.54,0.55
20250812115320.0,209,瀛晟科学,WINSHINE SCI,,0.205,0.0,0.0,0.205,0.0,0.0,0.0,0,0,0.21,0.0
20250812133336.0,210,达芙妮国际,DAPHNE INT'L,,0.49,-0.01,-2.0,0.5,0.495,0.5,0.485,796000,389300,0.49,0.5
20250812114316.0,211,STYLAND HOLD,STYLAND HOLD,,0.27,0.0,0.0,0.27,0.265,0.27,0.26,70000,18450,0.255,0.27
20250812113039.0,212,NANYANG HOLD,NANYANG HOLD,,25.0,-0.56,-2.19092,25.56,25.0,25.0,25.0,54500,1362500,25.0,25.3
20250812134815.0,213,NATIONAL ELEC H,NATIONAL ELEC H,,0.395,0.01,2.5974,0.385,0.395,0.395,0.395,3740,1399,0.385,0.395
20250812134743.0,214,汇汉控股,ASIA ORIENT,,0.31,0.0,0.0,0.31,0.0,0.0,0.0,0,0,0.31,0.35
20250812135715.0,215,和记电讯香港,HUTCHTEL HK,,1.1,0.01,0.91743,1.09,1.09,1.1,1.09,951000,1041190,1.09,1.1
20250812095155.0,216,建业实业,CHINNEY INV,,0.6,0.0,0.0,0.6,0.0,0.0,0.0,0,0,0.58,0.62
20250812133551.0,217,中国诚通发展集团,CHINA CHENGTONG,,0.246,-0.004,-1.6,0.25,0.255,0.255,0.238,668000,161602,0.238,0.246
20250812134814.0,218,申万宏源香港,SWHYHK,,1.87,0.02,1.08108,1.85,1.85,1.91,1.82,2380000,4477300,1.87,1.88
20250812115640.0,219,顺豪物业,SHUNHO PROPERTY,,0.61,0.0,0.0,0.61,0.0,0.0,0.0,0,0,0.59,0.61
20250812135719.0,220,统一企业中国,U-PRESID CHINA,,9.53,0.08,0.84656,9.45,9.44,9.69,9.35,4113233,39333557,9.52,9.53
20250812111303.0,222,闽信集团,MIN XIN HOLD,,3.12,0.0,0.0,3.12,0.0,0.0,0.0,0,0,3.06,3.12
20250812085500.0,223,易生活控股,ELIFE HLDGS,,0.109,0.0,0.0,0.109,0.0,0.0,0.0,0,0,0.0,0.0
20250812130014.0,224,建生国际,PIONEER GLOBAL,,0.63,0.0,0.0,0.63,0.0,0.0,0.0,0,0,0.63,0.74
20250812130013.0,225,博富临置业,POKFULAM,,5.48,0.0,0.0,5.48,0.0,0.0,0.0,0,0,5.4,5.69
20250812130413.0,226,力宝,LIPPO,,0.67,0.0,0.0,0.67,0.67,0.67,0.67,136000,91120,0.67,0.68
20250812132459.0,227,第一上海,FIRST SHANGHAI,,0.4,0.0,0.0,0.4,0.4,0.4,0.39,1408000,556680,0.395,0.4
20250812130747.0,228,中能控股,CHINA ENERGY,,0.049,0.0,0.0,0.049,0.049,0.049,0.048,1550000,75670,0.048,0.049
20250812130026.0,229,利民实业,RAYMOND IND,,0.86,0.0,0.0,0.86,0.0,0.0,0.0,0,0,0.85,0.87
20250812130013.0,230,五矿地产,MINMETALS LAND,,0.375,0.0,0.0,0.375,0.375,0.375,0.375,30000,11250,0.375,0.395
20250812135301.0,232,大陆航空科技控股,CON AERO TECH,,0.145,0.0,0.0,0.145,0.145,0.149,0.144,3223695,468183,0.144,0.145
20250812133613.0,234,新世纪集团,NEW CENTURY GP,,0.03,0.0,0.0,0.03,0.029,0.03,0.029,4536000,135984,0.03,0.032
20250812135457.0,235,中策资本控股,CSC HOLDINGS,,0.031,0.001,3.33333,0.03,0.03,0.031,0.029,9245000,278365,0.03,0.031
20250812135007.0,236,香港生力啤,SAN MIGUEL HK,,1.21,-0.04,-3.2,1.25,1.23,1.23,1.21,29800,36430,1.22,1.27
20250812130014.0,237,安全货仓,SAFETY GODOWN,,2.1,0.0,0.0,2.1,0.0,0.0,0.0,0,0,2.09,2.18
20250812131108.0,239,白花油,PAK FAH YEOW,,2.45,-0.03,-1.20968,2.48,2.42,2.45,2.42,20000,48775,2.42,2.49
20250812132348.0,240,利基控股,BUILD KING HOLD,,1.28,0.03,2.4,1.25,1.25,1.28,1.24,160000,199900,1.26,1.28
20250812135717.0,241,阿里健康,ALI HEALTH,,4.86,-0.09,-1.81818,4.95,4.93,4.96,4.84,45273137,221322895,4.85,4.86
20250812135730.0,242,信德集团,SHUN TAK HOLD,,0.7,-0.01,-1.40845,0.71,0.71,0.72,0.7,2014000,1430740,0.7,0.71
20250812132735.0,243,QPL INT'L,QPL INT'L,,0.385,-0.01,-2.53165,0.395,0.39,0.39,0.38,289250,111612,0.39,0.395
20250812131745.0,244,先施,SINCERE,,0.26,0.01,4.0,0.25,0.26,0.26,0.26,37000,9620,0.255,0.265
20250812133819.0,245,中薇金融,CHINA VERED FIN,,1.02,-0.01,-0.97087,1.03,1.04,1.04,1.02,985000,1015050,1.02,1.04
20250812095954.0,247,TST PROPERTIES,TST PROPERTIES,,19.6,0.0,0.0,19.6,0.0,0.0,0.0,0,0,19.08,19.9
20250812090010.0,248,香港通讯国际控股,HKC INT'L HOLD,,0.033,0.0,0.0,0.033,0.0,0.0,0.0,0,0,0.031,0.033
20250812130738.0,251,爪哇控股,SEA HOLDINGS,,1.16,0.0,0.0,1.16,1.18,1.18,1.16,4000,4680,1.15,1.19
20250812113051.0,252,华信地产财务,SE ASIA PPT,,1.61,0.0,0.0,1.61,0.0,0.0,0.0,0,0,1.48,0.0
20250812115737.0,253,顺豪控股,SHUNHO HOLDINGS,,0.6,-0.01,-1.63934,0.61,0.6,0.6,0.6,34000,20400,0.6,0.63
20250812133039.0,254,国家联合资源,NUR HOLDINGS,,0.044,-0.002,-4.34783,0.046,0.044,0.045,0.043,6234020,273852,0.044,0.045
20250812130315.0,255,龙记集团,LUNG KEE,,1.52,-0.04,-2.5641,1.56,1.56,1.56,1.52,50000,77200,1.52,1.57
20250812135711.0,256,冠城钟表珠宝,CITYCHAMP,,0.375,0.0,0.0,0.375,0.375,0.38,0.37,47146000,17668330,0.37,0.375
20250812135720.0,257,光大环境,EB ENVIRONMENT,,4.35,0.07,1.63551,4.28,4.28,4.38,4.25,24727763,106841697,4.34,4.35
20250812135712.0,258,汤臣集团,TOMSON GROUP,,3.33,-0.06,-1.76991,3.39,3.4,3.4,3.33,1054131,3547871,3.34,3.36
20250812135716.0,259,亿都（国际控股）,YEEBO (INT'L H),,2.6,0.01,0.3861,2.59,2.58,2.63,2.57,1430000,3711700,2.6,2.61
20250812130010.0,261,ＧＢＡ集团,GBA HOLDINGS,,0.32,0.0,0.0,0.32,0.0,0.0,0.0,1360,394,0.315,0.345
20250812112227.0,262,迪臣发展国际,DESON DEV INT'L,,0.064,0.0,0.0,0.064,0.0,0.0,0.0,0,0,0.063,0.065
20250812135650.0,264,中联发展控股,CN INT DEV CORP,,1.43,0.03,2.14286,1.4,1.37,1.45,1.34,2964000,4130720,1.43,1.45
20250812134852.0,265,港誉智慧城市服务,GANGYU SERVICES,,1.02,0.16,18.60465,0.86,1.02,1.02,1.02,2000,2040,0.92,1.02
20250812133222.0,266,天德地产,TIAN TECK LAND,,2.04,0.0,0.0,2.04,2.04,2.04,2.04,32000,65280,2.0,2.04
20250812135725.0,267,中信股份,CITIC,,11.62,-0.02,-0.17182,11.64,11.64,11.73,11.6,9335054,109023339,11.62,11.63
20250812135726.0,268,金蝶国际,KINGDEE INT'L,,16.13,-1.34,-7.67029,17.47,17.4,17.4,16.0,56499592,925888678,16.13,16.14
20250812132323.0,269,中国资源交通,CRTG,,0.01,-0.001,-9.09091,0.011,0.011,0.011,0.01,8430000,91580,0.01,0.011
20250812135459.0,270,粤海投资,GUANGDONG INV,,7.03,-0.05,-0.70622,7.08,7.12,7.12,7.01,2805295,19789123,7.02,7.03
20250812095104.0,271,亚证地产,ASIASEC PPT,,0.166,0.0,0.0,0.166,0.0,0.0,0.0,0,0,0.164,0.17
20250812135316.0,272,瑞安房地产,SHUI ON LAND,,0.77,0.0,0.0,0.77,0.77,0.78,0.76,5411776,4162871,0.76,0.77
20250812085500.0,274,复兴亚洲,RA SILK ROAD,,0.49,0.0,0.0,0.49,0.0,0.0,0.0,0,0,0.0,0.0
20250812133342.0,276,蒙古能源,MONGOLIA ENERGY,,0.65,0.0,0.0,0.65,0.0,0.0,0.0,1846,1162,0.66,0.72
20250812093808.0,277,太兴置业,TERN PROPERTIES,,1.8,0.0,0.0,1.8,0.0,0.0,0.0,0,0,1.59,0.0
20250812135638.0,279,裕承科金（新）,ARTA TECH-NEW,,0.87,0.02,2.35294,0.85,0.88,0.88,0.82,364800,310971,0.83,0.87
20250812102815.0,280,景福集团,KING FOOK HOLD,,0.465,-0.005,-1.06383,0.47,0.465,0.47,0.46,332000,154300,0.465,0.47
20250812135721.0,285,比亚迪电子,BYD ELECTRONIC,,39.52,0.84,2.17167,38.68,38.68,41.52,38.22,49327010,1984697582,39.5,39.52
20250812085500.0,286,爱帝宫,AIDIGONG,,1.31,0.0,0.0,1.31,0.0,0.0,0.0,0,0,0.0,0.0
20250812090114.0,287,永发置业,WINFAIR INV,,4.3,0.0,0.0,4.3,0.0,0.0,0.0,0,0,4.3,4.7
20250812135715.0,288,万洲国际,WH GROUP,,7.84,-0.15,-1.87735,7.99,7.97,7.97,7.78,16967525,133374497,7.84,7.85
20250812134713.0,289,WING ON CO,WING ON CO,,12.6,-0.1,-0.7874,12.7,12.6,12.6,12.6,3000,37880,12.6,12.7
20250812135440.0,290,国富量子,GOFINTECH QUANT,,1.49,-0.03,-1.97368,1.52,1.51,1.55,1.47,3839000,5715320,1.48,1.5
20250812135647.0,291,华润啤酒,CHINA RES BEER,,26.86,0.42,1.5885,26.44,26.58,27.34,26.48,7380476,199425271,26.86,26.88
20250812135714.0,293,国泰航空,CATHAY PAC AIR,,10.54,0.04,0.38095,10.5,10.53,10.61,10.49,7867927,83085752,10.53,10.54
20250812112011.0,294,长江制衣,YANGTZEKIANG,,0.91,-0.03,-3.19149,0.94,0.93,0.93,0.91,95000,87450,0.9,0.92
20250812133415.0,295,江山控股,KONG SUN HOLD,,0.016,0.0,0.0,0.016,0.015,0.016,0.015,375000,5825,0.015,0.016
20250812101947.0,296,英皇娱乐酒店,EMPEROR E HOTEL,,0.28,0.005,1.81818,0.275,0.275,0.28,0.275,55000,15200,0.275,0.28
20250812135531.0,297,中化化肥,SINOFERT,,1.46,0.01,0.68966,1.45,1.46,1.47,1.45,9584000,14005320,1.46,1.47
20250812132748.0,298,庄士中国,CHUANG'S CHINA,,0.134,-0.001,-0.74074,0.135,0.138,0.138,0.134,350000,47700,0.132,0.135
20250812085500.0,299,宝新置地,GLORY SUN LAND,,0.106,0.0,0.0,0.106,0.0,0.0,0.0,0,0,0.0,0.0
20250812135728.0,300,美的集团,MIDEA GROUP,,79.8,0.55,0.69401,79.25,79.25,80.6,78.7,1734289,138750294,79.75,79.8
20250812135645.0,301,三和精化,SANVO CHEMICALS,,1.44,0.01,0.6993,1.43,1.43,1.46,1.43,36000,51820,1.43,1.47
20250812135617.0,302,中手游,CMGE,,0.54,-0.02,-3.57143,0.56,0.55,0.56,0.54,2514000,1381880,0.54,0.56
20250812135658.0,303,VTECH HOLDINGS,VTECH HOLDINGS,,62.85,0.8,1.28928,62.05,61.6,63.3,61.3,430800,27092162,62.8,62.85
20250812135238.0,305,五菱汽车,WULING MOTORS,,0.57,-0.02,-3.38983,0.59,0.59,0.59,0.56,3810000,2164100,0.57,0.58
20250812132733.0,306,冠忠巴士集团,KWOON CHUNG BUS,,2.55,0.01,0.3937,2.54,2.54,2.56,2.52,178000,452960,2.55,2.56
20250812135713.0,308,香港中旅,CHINA TRAVEL HK,,1.6,0.01,0.62893,1.59,1.59,1.61,1.58,20354000,32483280,1.59,1.6
20250812085500.0,309,新华通讯频媒,XH NEWS MEDIA,,0.049,0.0,0.0,0.049,0.0,0.0,0.0,0,0,0.0,0.0
20250812085500.0,310,嘉进投资国际,PROSP INV HOLD,,0.1,0.0,0.0,0.1,0.0,0.0,0.0,0,0,0.0,0.0
20250812135050.0,311,联泰控股,LUEN THAI,,0.14,-0.02,-12.5,0.16,0.14,0.14,0.14,80000,11200,0.133,0.15
20250812133905.0,312,岁宝百货,SHIRBLE STORE,,0.11,0.013,13.40206,0.097,0.102,0.11,0.094,602000,62440,0.096,0.109
20250812133655.0,313,裕田中国,RICHLY FIELD,,0.08,0.007,9.58904,0.073,0.076,0.08,0.076,700000,55100,0.075,0.079
20250812135552.0,314,思派健康,SIPAI HEALTH,,5.93,0.03,0.50848,5.9,6.3,6.31,5.85,4666400,27938694,5.92,5.93
20250812134954.0,315,数码通电讯,SMARTONE TELE,,4.75,-0.03,-0.62762,4.78,4.75,4.77,4.75,48000,228415,4.75,4.77
20250812135219.0,316,东方海外国际,OOIL,,142.5,2.1,1.49573,140.4,140.4,143.5,140.4,368060,52424660,142.39999,142.60001
20250812135728.0,317,中船防务,COMEC,,16.27,-0.17,-1.03406,16.44,16.38,16.69,16.01,6048000,98156791,16.27,16.29
20250812130005.0,318,黄河实业,VONGROUP,,0.42,0.0,0.0,0.42,0.0,0.0,0.0,500,190,0.4,0.475
20250812130002.0,320,金宝通,COMPUTIME,,0.64,0.0,0.0,0.64,0.64,0.64,0.64,24000,15360,0.64,0.67
20250812115706.0,321,德永佳集团,TEXWINCA HOLD,,0.86,-0.01,-1.14943,0.87,0.86,0.86,0.86,276000,237360,0.86,0.87
20250812135725.0,322,康师傅控股,TINGYI,,11.24,-0.16,-1.40351,11.4,11.36,11.46,10.69,18782244,208423957,11.24,11.25
20250812135653.0,323,马鞍山钢铁股份,MAANSHAN IRON,,2.54,-0.02,-0.78125,2.56,2.56,2.57,2.51,9460175,24011201,2.54,2.55
20250812135727.0,325,布鲁可,BLOKS,,112.3,-4.2,-3.60515,116.5,116.0,116.0,110.6,1123996,126215023,112.0,112.3
20250812135706.0,326,中国星集团,CHINA STAR ENT,,2.21,-0.21,-8.67769,2.42,2.4,2.5,2.19,7251567,16520925,2.2,2.22
20250812135722.0,327,百富环球,PAX GLOBAL,,6.79,0.01,0.14749,6.78,6.86,6.95,6.63,6105000,41380081,6.79,6.8
20250812133843.0,328,ALCO HOLDINGS,ALCO HOLDINGS,,0.36,0.005,1.40845,0.355,0.35,0.38,0.35,564000,207130,0.365,0.37
20250812135504.0,329,东建国际,OCI INTL,,0.395,0.02,5.33333,0.375,0.395,0.395,0.39,348000,137040,0.395,0.405
20250812135648.0,330,思捷环球,ESPRIT HOLDINGS,,0.1,0.002,2.04082,0.098,0.098,0.102,0.098,1104619,110328,0.099,0.1
20250812131921.0,331,丰盛生活服务,FSE LIFESTYLE,,5.88,-0.02,-0.33898,5.9,5.88,5.88,5.87,81000,476250,5.87,5.88
20250812135520.0,332,元亨燃气,YUANHENG GAS,,0.022,0.001,4.76191,0.021,0.021,0.022,0.021,916000,19256,0.021,0.022
20250812133930.0,333,黛丽斯国际,TOP FORM INT'L,,0.32,0.0,0.0,0.32,0.0,0.0,0.0,0,0,0.28,0.325
20250812135050.0,334,华显光电,CH DISPLAY OPT,,0.355,0.015,4.41177,0.34,0.34,0.355,0.34,264000,91440,0.345,0.355
20250812130525.0,335,美建集团,UPBEST GROUP,,0.68,0.0,0.0,0.68,0.0,0.0,0.0,0,0,0.67,0.69
20250812135705.0,336,华宝国际,HUABAO INTL,,3.68,0.13,3.66197,3.55,3.67,3.73,3.53,7693000,28274350,3.67,3.68
20250812134706.0,337,绿地香港,GREENLAND HK,,0.223,-0.007,-3.04348,0.23,0.23,0.238,0.222,4366000,981591,0.223,0.226
20250812135708.0,338,上海石油化工股份,SHANGHAI PECHEM,,1.39,0.02,1.45985,1.37,1.36,1.4,1.36,6789993,9391510,1.38,1.39
20250812123128.0,339,中国科创产业投资,CN SCI-TECH IND,,0.285,0.0,0.0,0.285,0.28,0.285,0.27,1180000,330800,0.27,0.285
20250812135650.0,340,潼关黄金,TONGGUAN GOLD,,1.9,-0.03,-1.5544,1.93,1.93,1.93,1.9,2995200,5721610,1.9,1.91
20250812135624.0,341,大家乐集团,CAFE DE CORAL H,,7.28,0.08,1.11111,7.2,7.25,7.3,7.21,548147,3981193,7.27,7.28
20250812130012.0,343,文化传信,CULTURECOM HOLD,,0.119,-0.004,-3.25203,0.123,0.123,0.123,0.119,155000,18630,0.12,0.126
20250812135545.0,345,VITASOY INT'L,VITASOY INT'L,,9.31,0.02,0.21529,9.29,9.29,9.31,9.26,334895,3111414,9.29,9.31
20250812132319.0,346,延长石油国际,YANCHANG PETRO,,0.44,-0.005,-1.1236,0.445,0.43,0.44,0.43,115000,50325,0.435,0.445
20250812135606.0,347,鞍钢股份,ANGANG STEEL,,2.32,0.0,0.0,2.32,2.32,2.32,2.27,6380871,14632098,2.3,2.32
20250812135108.0,348,中国智能健康,CHINAHEALTHWISE,,0.124,-0.013,-9.48905,0.137,0.124,0.124,0.124,10000,1240,0.124,0.135
20250812130227.0,351,亚洲能源物流,ASIA ENERGY LOG,,0.231,0.0,0.0,0.231,0.0,0.0,0.0,0,0,0.233,0.25
20250812135633.0,352,富阳,FORTUNE SUN,,0.71,-0.17,-19.31818,0.88,0.88,0.88,0.68,2976000,2137080,0.7,0.72
20250812132623.0,353,能源国际投资,ENERGY INTINV,,0.33,-0.005,-1.49254,0.335,0.33,0.33,0.32,236600,77832,0.33,0.335
20250812135713.0,354,中国软件国际,CHINASOFT INT'L,,5.66,-0.09,-1.56522,5.75,5.74,5.75,5.61,30212855,171348471,5.66,5.67
20250812105810.0,355,世纪城市国际,CENTURY C INT'L,,0.067,-0.001,-1.47059,0.068,0.069,0.069,0.067,892000,59944,0.067,0.068
20250812133825.0,356,鼎立资本,DT CAPITAL,,0.067,-0.008,-10.66667,0.075,0.075,0.075,0.066,1320000,90570,0.067,0.071
20250812135713.0,357,美兰空港,MEILAN AIRPORT,,10.69,0.14,1.32701,10.55,10.55,10.72,10.53,1537000,16332330,10.67,10.69
20250812135712.0,358,江西铜业股份,JIANGXI COPPER,,17.44,-0.01,-0.05731,17.45,17.48,17.67,17.34,7527284,131644334,17.43,17.45
20250812131509.0,360,新焦点,NEW FOCUS AUTO,,0.055,0.002,3.77359,0.053,0.054,0.055,0.052,1956000,103288,0.052,0.055
20250812133808.0,361,顺龙控股,SINO GOLF HOLD,,0.048,-0.001,-2.04082,0.049,0.048,0.048,0.046,2560000,121220,0.046,0.048
20250812085500.0,362,中国天化工,C ZENITH CHEM,,0.015,0.0,0.0,0.015,0.0,0.0,0.0,0,0,0.0,0.0
20250812135342.0,363,上海实业控股,SHANGHAI IND H,,14.9,-0.07,-0.4676,14.97,15.02,15.04,14.9,211993,3174684,14.9,14.92
20250812135703.0,365,芯成科技,SINO ICT,,0.249,0.003,1.21951,0.246,0.236,0.249,0.236,156000,37226,0.249,0.25
20250812133309.0,366,陆氏集团（越南）,LUKS GROUP (VN),,0.96,0.0,0.0,0.96,0.94,0.96,0.94,130000,122800,0.95,0.96
20250812130008.0,367,庄士机构国际,CHUANG'S INT'L,,0.37,0.0,0.0,0.37,0.38,0.38,0.37,92000,34720,0.365,0.38
20250812133912.0,368,德合集团,SUPERLAND GROUP,,0.27,0.02,8.0,0.25,0.27,0.27,0.27,36000,9720,0.265,0.27
20250812133356.0,369,永泰地产,WING TAI PPT,,1.79,0.04,2.28571,1.75,1.79,1.79,1.79,10000,17900,1.75,1.79
20250812135455.0,370,港仔机器人,HK ROBOTICS,,1.36,-0.01,-0.72993,1.37,1.41,1.41,1.36,2028000,2822340,1.36,1.37
20250812135715.0,371,北控水务集团,BJ ENT WATER,,2.69,0.04,1.50943,2.65,2.64,2.71,2.62,17256895,46371466,2.68,2.69
20250812130004.0,372,保德国际发展,PT INTL DEV,,0.179,0.0,0.0,0.179,0.0,0.0,0.0,0,0,0.073,0.179
20250812112354.0,373,联合集团,ALLIED GROUP,,1.67,0.0,0.0,1.67,0.0,0.0,0.0,0,0,1.67,1.69
20250812113301.0,374,四洲集团,FOUR SEAS MER,,2.6,0.0,0.0,2.6,0.0,0.0,0.0,0,0,2.5,2.6
20250812132628.0,375,YGM TRADING,YGM TRADING,,0.99,0.04,4.21053,0.95,0.94,0.99,0.94,62000,60730,0.99,1.0
20250812135652.0,376,云锋金融,YUNFENG FIN,,2.72,0.11,4.21456,2.61,2.6,2.73,2.57,9762000,26140960,2.71,2.72
20250812090005.0,377,中国华君,CHINA HUAJUN GP,,1.18,0.0,0.0,1.18,0.0,0.0,0.0,0,0,0.0,1.35
20250812130016.0,379,恒嘉融资租赁,EG LEASING,,0.08,0.0,0.0,0.08,0.0,0.0,0.0,0,0,0.071,0.079
20250812133235.0,380,中国管业,CHINA PIPE,,0.158,0.002,1.28205,0.156,0.157,0.161,0.156,992000,156040,0.155,0.158
20250812132553.0,381,权识国际,AOM INT'L,,0.415,-0.01,-2.35294,0.425,0.41,0.42,0.4,1395000,568940,0.405,0.415
20250812135209.0,382,中汇集团,EDVANTAGE GROUP,,1.59,-0.03,-1.85185,1.62,1.62,1.62,1.59,788000,1262360,1.59,1.6
20250812134957.0,383,天安卓健,TIANAN MEDICARE,,0.91,0.01,1.11111,0.9,0.91,0.91,0.91,47400,43038,0.76,0.89
20250812135701.0,384,中国燃气,CHINA GAS HOLD,,8.37,0.0,0.0,8.37,8.37,8.42,8.31,2801084,23472514,8.36,8.37
20250812115025.0,385,建联集团,CHINNEY ALLI,,0.395,0.0,0.0,0.395,0.0,0.0,0.0,0,0,0.39,0.445
20250812135714.0,386,中国石油化工股份,SINOPEC CORP,,4.44,0.05,1.13895,4.39,4.38,4.46,4.38,44539545,197427473,4.43,4.44
20250812134724.0,387,力丰（集团）,LEEPORT(HOLD),,0.77,-0.02,-2.53165,0.79,0.77,0.77,0.77,48000,36960,0.77,0.8
20250812135729.0,388,香港交易所,HKEX,,428.8,-1.8,-0.41802,430.6,429.6,430.6,426.4,1679949,719663314,428.60001,428.79999
20250812085500.0,389,通天酒业,TONTINE WINES,,0.43,0.0,0.0,0.43,0.0,0.0,0.0,0,0,0.0,0.0
20250812135723.0,390,中国中铁,CHINA RAILWAY,,4.0,-0.05,-1.23457,4.05,4.05,4.06,3.99,16671554,67013862,4.0,4.01
20250812134526.0,391,美亚娱乐资讯,MEI AH ENTER,,0.102,0.003,3.0303,0.099,0.102,0.102,0.102,200000,20400,0.098,0.1
20250812135127.0,392,北京控股,BEIJING ENT,,33.46,0.46,1.39394,33.0,32.8,33.52,32.8,308201,10295787,33.42,33.44
20250812135509.0,393,旭日企业,GLORIOUS SUN,,1.34,0.01,0.75188,1.33,1.32,1.34,1.32,20000,26440,1.32,1.34
20250812134542.0,396,兴利（香港）控股,HING LEE (HK),,0.101,0.007,7.44681,0.094,0.102,0.102,0.099,718000,72334,0.098,0.101
20250812134018.0,397,嬴集团,MINERVA GROUP,,0.059,0.0,0.0,0.059,0.059,0.059,0.059,30000,1770,0.058,0.059
20250812134749.0,398,东方表行集团,ORIENTAL WATCH,,3.42,0.0,0.0,3.42,3.42,3.42,3.41,126000,429820,3.41,3.42
20250812135530.0,399,领航医药生物科技,INNOVATIVE PHAR,,0.6,0.03,5.26316,0.57,0.57,0.62,0.57,10385000,6161400,0.59,0.6
20250812135703.0,400,硬蛋创新,INGDAN,,2.23,0.05,2.29358,2.18,2.2,2.26,2.19,1469000,3270210,2.23,2.24
20250812135459.0,401,万嘉集团,WANJIA GROUP,,0.097,0.007,7.77778,0.09,0.094,0.115,0.086,3623000,348090,0.091,0.098
20250812133528.0,403,星光集团,STARLITE HOLD,,0.2,0.004,2.04082,0.196,0.195,0.2,0.195,4000,790,0.196,0.199
20250812130424.0,406,有利集团,YAU LEE HOLD,,0.77,0.02,2.66667,0.75,0.77,0.77,0.77,42000,32460,0.75,0.77
20250812132743.0,408,叶氏化工集团,YIP'S CHEMICAL,,1.82,-0.03,-1.62162,1.85,1.85,1.9,1.81,894000,1653040,1.81,1.82
20250812135616.0,410,ＳＯＨＯ中国,SOHO CHINA,,0.58,0.0,0.0,0.58,0.58,0.58,0.57,280000,161885,0.57,0.58
20250812130023.0,411,南顺（香港）,LAM SOON (HK),,10.98,0.0,0.0,10.98,0.0,0.0,0.0,0,0,9.67,11.39
20250812135419.0,412,山高控股,SDHG,,17.23,-0.03,-0.17381,17.26,17.16,17.52,17.09,4028710,69499010,17.18,17.23
20250812102833.0,413,南华集团控股,SC HOLDINGS,,0.031,0.0,0.0,0.031,0.0,0.0,0.0,0,0,0.03,0.032
20250812130004.0,417,谢瑞麟,TSE SUI LUEN,,0.67,0.0,0.0,0.67,0.0,0.0,0.0,0,0,0.65,0.68
20250812133423.0,418,方正控股,FOUNDER HOLD,,0.93,-0.01,-1.06383,0.94,0.94,0.94,0.93,26000,24380,0.93,0.94
20250812133858.0,419,弘毅文化集团,HONY MEDIA,,0.067,0.0,0.0,0.067,0.068,0.069,0.065,4987500,332850,0.066,0.067
20250812130014.0,420,福田实业,FOUNTAIN SET,,0.65,0.0,0.0,0.65,0.65,0.65,0.65,100000,65000,0.65,0.66
20250812134406.0,422,越南制造加工出口,VMEP HOLDINGS,,0.42,0.0,0.0,0.42,0.42,0.42,0.42,52000,21840,0.43,0.445
20250812134259.0,423,经济日报集团,HKET HOLDINGS,,0.81,0.0,0.0,0.81,0.79,0.81,0.78,48000,38160,0.79,0.81
20250812135655.0,425,敏实集团,MINTH GROUP,,29.66,0.08,0.27045,29.58,29.28,29.96,29.28,3983741,118033266,29.64,29.66
20250812100759.0,426,万华媒体,ONE MEDIA GROUP,,0.058,0.0,0.0,0.058,0.0,0.0,0.0,0,0,0.055,0.065
20250812115402.0,428,中国天弓控股,COCOON HOLDINGS,,0.255,0.007,2.82258,0.248,0.28,0.28,0.245,1792000,443720,0.255,0.265
20250812101454.0,430,东方兴业控股,ORIENTAL EXPL,,0.43,0.0,0.0,0.43,0.0,0.0,0.0,0,0,0.4,0.445
20250812085500.0,431,大中华金融,G CHINA FIN,,0.01,0.0,0.0,0.01,0.0,0.0,0.0,0,0,0.0,0.0
20250812135115.0,432,盈大地产,PCPD,,0.202,-0.003,-1.46342,0.205,0.205,0.205,0.201,867232,176150,0.202,0.21
20250812135514.0,433,北方矿业,NORTH MINING,,0.053,0.003,6.0,0.05,0.053,0.056,0.051,12661500,667792,0.052,0.053
20250812135544.0,434,博雅互动,BOYAA,,8.58,-0.16,-1.83066,8.74,8.51,9.08,8.43,4075000,35752245,8.58,8.61
20250812135122.0,436,新宇环保,NU ENVIRO,,0.054,-0.003,-5.26316,0.057,0.054,0.054,0.054,300000,16500,0.056,0.064
20250812135540.0,438,彩虹新能源,IRICO NEWENERGY,,2.34,-0.06,-2.5,2.4,2.34,2.34,2.34,1100,2566,2.34,2.4
20250812135113.0,439,光启科学,KUANGCHI,,1.27,0.02,1.6,1.25,1.27,1.35,1.27,1194200,1562230,1.27,1.3
20250812135430.0,440,大新金融,DAH SING,,29.9,0.38,1.28726,29.52,29.66,30.08,29.52,153800,4602660,29.88,29.9
20250812130022.0,442,域能控股,DOMAINE POWER,,0.74,0.0,0.0,0.74,0.0,0.0,0.0,0,0,0.7,0.84
20250812085500.0,444,SINCEREWATCH HK,SINCEREWATCH HK,,0.01,0.0,0.0,0.01,0.0,0.0,0.0,0,0,0.0,0.0
20250812114026.0,450,鸿兴印刷集团,HUNG HING PRINT,,0.95,0.0,0.0,0.95,0.0,0.0,0.0,0,0,0.94,0.95
20250812134428.0,451,协鑫新能源,GCL NEWENERGY,,0.445,0.0,0.0,0.445,0.445,0.445,0.435,1218865,540356,0.44,0.45
20250812113308.0,455,天大药业,TIANDA PHARMA,,0.18,0.002,1.1236,0.178,0.179,0.18,0.179,132000,23728,0.18,0.184
20250812130025.0,456,新城市建设发展,NEW CITY DEV,,0.43,0.0,0.0,0.43,0.0,0.0,0.0,0,0,0.435,0.49
20250812090030.0,458,联亚集团,TRISTATE HOLD,,2.4,0.0,0.0,2.4,0.0,0.0,0.0,0,0,0.0,2.6
20250812100118.0,459,鋑联控股,LEGEND UPSTAR,,0.075,0.0,0.0,0.075,0.0,0.0,0.0,20000,1500,0.075,0.077
20250812135719.0,460,四环医药,SIHUAN PHARM,,1.39,-0.03,-2.11268,1.42,1.42,1.43,1.38,38942000,54438020,1.38,1.39
20250812135631.0,464,中国智能科技,CHINA IN-TECH,,0.52,0.0,0.0,0.52,0.52,0.53,0.52,704000,366760,0.52,0.53
20250812130019.0,465,富通科技,FUTONG TECH,,0.34,0.0,0.0,0.34,0.0,0.0,0.0,0,0,0.335,0.38
20250812135707.0,467,联合能源集团,UNITEDENERGY GP,,0.55,0.01,1.85185,0.54,0.55,0.55,0.54,24358000,13299950,0.54,0.55
20250812085500.0,468,纷美包装,GAPACK,,2.5,0.0,0.0,2.5,0.0,0.0,0.0,0,0,0.0,0.0
20250812130001.0,471,中播数据,SILKWAVE INC,,0.72,0.06,9.09091,0.66,0.68,0.72,0.68,236000,167440,0.69,0.72
20250812135626.0,472,新丝路文旅,NEW SILKROAD,,0.162,0.0,0.0,0.162,0.16,0.17,0.153,1370000,221800,0.165,0.179
20250812090000.0,474,信铭生命科技,ACESO LIFE SCI,,0.02,0.0,0.0,0.02,0.0,0.0,0.0,0,0,0.019,0.02
20250812135101.0,475,中发展控股,CENTRAL DEV H,,0.51,0.0,0.0,0.51,0.0,0.0,0.0,0,0,0.485,0.58
20250812135641.0,476,科轩动力控股,EV DYNAMICS,,0.86,-0.03,-3.37079,0.89,0.93,0.93,0.85,1277800,1128194,0.83,0.86
20250812133716.0,480,香港兴业国际,HKR INT'L,,0.99,0.0,0.0,0.99,0.99,1.02,0.98,2061840,2059254,0.99,1.0
20250812085500.0,482,圣马丁国际,SANDMARTIN INTL,,0.089,0.0,0.0,0.089,0.0,0.0,0.0,0,0,0.0,0.0
20250812112307.0,483,包浩斯国际,BAUHAUS INT'L,,0.208,-0.012,-5.45455,0.22,0.201,0.214,0.201,694000,141372,0.202,0.21
20250812133557.0,484,云游控股,FORGAME,,0.82,-0.03,-3.52941,0.85,0.84,0.84,0.82,249000,204870,0.82,0.85
20250812130008.0,485,中国华星,CHINASINOSTAR,,0.42,0.045,12.0,0.375,0.42,0.42,0.42,20000,8400,0.275,0.41
20250812134759.0,486,俄铝,RUSAL,,4.59,-0.15,-3.16456,4.74,4.9,4.9,4.52,1852000,8510250,4.58,4.59
20250812131933.0,487,实德环球,SUCCESSUNIVERSE,,0.124,0.0,0.0,0.124,0.124,0.124,0.124,504000,62496,0.12,0.124
20250812090346.0,488,丽新发展,LAI SUN DEV,,0.7,0.0,0.0,0.7,0.0,0.0,0.0,0,0,0.69,0.73
20250812085500.0,489,东风集团股份,DONGFENG GROUP,,5.97,0.0,0.0,5.97,0.0,0.0,0.0,0,0,0.0,0.0
20250812135716.0,491,英皇文化产业,EMPEROR CULTURE,,0.04,0.002,5.26316,0.038,0.039,0.04,0.038,2080000,81040,0.038,0.04
20250812135507.0,493,国美零售,GOME RETAIL,,0.02,0.001,5.26316,0.019,0.019,0.02,0.019,48310916,938214,0.019,0.02
20250812085500.0,495,PALADIN,PALADIN,,0.012,0.0,0.0,0.012,0.0,0.0,0.0,0,0,0.0,0.0
20250812131313.0,496,卡森国际,KASEN,,0.47,-0.04,-7.84314,0.51,0.5,0.5,0.47,295000,142155,0.475,0.49
20250812134205.0,497,资本策略地产,CSI PROPERTIES,,0.19,0.0,0.0,0.19,0.19,0.19,0.189,840000,159260,0.189,0.191
20250812133459.0,498,蓝河控股,BLUE RIVER HLDG,,0.2,-0.021,-9.50226,0.221,0.221,0.225,0.184,2590000,511190,0.192,0.199
20250812133923.0,499,青岛控股,QINGDAO HLDGS,,0.126,0.011,9.56522,0.115,0.114,0.126,0.114,160040,20116,0.114,0.126
20250812134729.0,500,先丰服务集团,FRONTIER SER,,0.093,-0.002,-2.10526,0.095,0.092,0.093,0.091,442000,40578,0.092,0.096
20250812135526.0,505,兴业合金,XINGYE ALLOY,,1.01,0.03,3.06122,0.98,1.0,1.02,0.98,222000,223200,1.0,1.01
20250812135536.0,506,中国食品,CHINA FOODS,,3.35,-0.01,-0.29762,3.36,3.32,3.36,3.31,487065,1624924,3.34,3.35
20250812133923.0,508,鼎亿集团投资,DINGYI GP INV,,0.35,0.0,0.0,0.35,0.355,0.36,0.35,15000,5325,0.35,0.36
20250812085500.0,509,世纪阳光,SUNSHINE,,0.17,0.0,0.0,0.17,0.0,0.0,0.0,0,0,0.0,0.0
20250812130014.0,510,时富金融服务集团,CASH FIN SER GP,,0.39,0.015,4.0,0.375,0.39,0.39,0.39,96900,37746,0.37,0.39
20250812135706.0,511,电视广播,TVB,,4.08,-0.02,-0.48781,4.1,4.09,4.21,4.06,933245,3830379,4.07,4.08
20250812135705.0,512,远大医药,GRAND PHARMA,,8.06,-0.06,-0.73892,8.12,8.11,8.18,7.96,19702000,158537374,8.05,8.07
20250812094753.0,513,恒和集团,CONTINENTAL H,,0.25,0.0,0.0,0.25,0.0,0.0,0.0,0,0,0.0,0.249
20250812132432.0,515,中华银科技,CHINASILVER TEC,,0.39,-0.005,-1.26582,0.395,0.39,0.39,0.39,242910,94647,0.385,0.395
20250812133721.0,517,中远海运国际,COSCO SHIP INTL,,5.86,0.08,1.38408,5.78,5.8,5.89,5.79,460000,2693380,5.86,5.87
20250812112951.0,518,同得仕（集团）,TUNGTEX (HOLD),,0.205,0.0,0.0,0.205,0.205,0.205,0.205,20000,4100,0.203,0.215
20250812130711.0,519,诺科达科技,NOVAUTEK,,0.111,-0.001,-0.89286,0.112,0.111,0.111,0.111,65000,7215,0.108,0.111
20250812134213.0,520,呷哺呷哺,XIABUXIABU,,0.81,0.0,0.0,0.81,0.81,0.81,0.8,612000,492985,0.8,0.81
20250812135313.0,521,CWT INT'L,CWT INT'L,,0.28,0.0,0.0,0.28,0.28,0.305,0.27,31336000,9100520,0.275,0.28
20250812135722.0,522,ASMPT,ASMPT,,70.85,0.65,0.92593,70.2,70.2,71.7,70.05,1475635,104698676,70.85,70.9
20250812130342.0,524,长城天下,GW TERROIR,,0.305,0.0,0.0,0.305,0.0,0.0,0.0,0,0,0.3,0.315
20250812135714.0,525,广深铁路股份,GUANGSHEN RAIL,,1.98,0.0,0.0,1.98,1.98,2.0,1.97,6168009,12203837,1.98,1.99
20250812134841.0,526,利时集团控股,LISI GP HOLD,,0.108,0.002,1.88679,0.106,0.098,0.108,0.098,34000,3352,0.101,0.103
20250812133243.0,527,瑞风新能源,RUIFENG RENEW,,0.38,-0.015,-3.79747,0.395,0.39,0.39,0.375,1992000,757380,0.375,0.385
20250812115644.0,528,金达控股,KINGDOM HOLDING,,1.19,0.01,0.84746,1.18,1.11,1.19,1.11,4000,4600,1.13,1.2
20250812130028.0,529,SIS INT'L,SIS INT'L,,1.84,0.0,0.0,1.84,0.0,0.0,0.0,0,0,1.65,1.84
20250812130053.0,532,WKK INTL (HOLD),WKK INTL (HOLD),,0.305,0.0,0.0,0.305,0.305,0.305,0.305,10000,3050,0.28,0.305
20250812132717.0,533,金利来集团,GOLDLION HOLD,,1.0,0.0,0.0,1.0,1.0,1.0,1.0,152000,152000,1.0,1.01
20250812135626.0,535,金地商置,GEMDALE PPT,,0.285,0.0,0.0,0.285,0.29,0.29,0.28,23554000,6662428,0.28,0.285
20250812133122.0,536,贸易通,TRADELINK,,0.97,-0.01,-1.02041,0.98,0.98,0.98,0.97,152000,148460,0.97,0.98
20250812135317.0,538,味千（中国）,AJISEN (CHINA),,0.92,-0.02,-2.12766,0.94,0.94,0.94,0.91,1247000,1151120,0.92,0.93
20250812130028.0,540,迅捷环球控股,SPEEDY GLOBAL,,0.146,0.0,0.0,0.146,0.0,0.0,0.0,0,0,0.126,0.157
20250812131330.0,542,中国文旅农业,CN CULTURAL T&A,,0.056,-0.002,-3.44828,0.058,0.057,0.057,0.056,376000,21408,0.055,0.058
20250812093012.0,543,太平洋网络,PACIFIC ONLINE,,0.38,0.0,0.0,0.38,0.0,0.0,0.0,0,0,0.37,0.385
20250812105520.0,544,大同集团（新）,DAIDO GROUP-NEW,,1.8,0.04,2.27273,1.76,1.8,1.8,1.8,11000,19650,1.68,1.8
20250812135724.0,546,阜丰集团,FUFENG GROUP,,9.27,0.16,1.75631,9.11,9.17,9.3,9.15,3577000,32991125,9.27,9.28
20250812134214.0,547,数字王国,DIGITAL DOMAIN,,0.41,0.005,1.23457,0.405,0.41,0.41,0.405,250000,101950,0.405,0.41
20250812135200.0,548,深圳高速公路股份,SHENZHENEXPRESS,,7.0,0.01,0.14306,6.99,6.99,7.04,6.99,736000,5161320,7.0,7.02
20250812085500.0,550,律齐文化,ALLEGRO CULTURE,,0.134,0.0,0.0,0.134,0.0,0.0,0.0,0,0,0.0,0.0
20250812135657.0,551,裕元集团,YUE YUEN IND,,12.94,0.55,4.43906,12.39,12.83,13.48,12.76,13042003,171717520,12.94,12.95
20250812135703.0,552,中国通信服务,CHINACOMSERVICE,,4.72,0.02,0.42553,4.7,4.72,4.75,4.69,2180000,10298430,4.71,4.73
20250812135646.0,553,南京熊猫电子股份,NANJING PANDA,,5.56,0.22,4.11985,5.34,5.42,5.98,5.29,88385500,501054840,5.56,5.57
20250812115450.0,554,汉思集团控股,HANS GP HLDGS,,0.255,-0.01,-3.77359,0.265,0.26,0.27,0.255,3874000,1010090,0.255,0.26
20250812090150.0,556,泛亚环保,PAN ASIA ENVIRO,,0.38,0.0,0.0,0.38,0.0,0.0,0.0,0,0,0.38,0.42
20250812130938.0,557,天元医疗,TIANYUAN HEALTH,,0.85,0.0,0.0,0.85,0.0,0.0,0.0,0,0,0.64,0.89
20250812135721.0,558,力劲科技,LK TECH,,3.69,0.07,1.9337,3.62,3.65,3.81,3.62,19782500,73789450,3.68,3.69
20250812130745.0,559,德泰新能源集团,DETAI NEWENERGY,,0.204,0.002,0.9901,0.202,0.2,0.204,0.2,150000,30440,0.192,0.204
20250812133238.0,560,珠江船务,CHU KONG SHIP,,0.79,-0.01,-1.25,0.8,0.79,0.81,0.79,516000,409920,0.79,0.81
20250812132839.0,563,上实城市开发,SH IND URBAN,,0.335,-0.005,-1.47059,0.34,0.335,0.335,0.335,528000,176880,0.335,0.34
20250812135649.0,564,郑煤机,ZMJ,,16.41,0.04,0.24435,16.37,16.34,16.53,16.33,610000,10026762,16.4,16.42
20250812132457.0,565,锦艺集团控股,ART GROUP HOLD,,1.11,0.0,0.0,1.11,1.12,1.13,1.08,2860000,3155300,1.1,1.11
20250812130017.0,567,大昌微线集团,DAISHOMICROLINE,,0.092,0.001,1.0989,0.091,0.091,0.092,0.091,40000,3660,0.092,0.105
20250812135728.0,568,山东墨龙,SHANDONG MOLONG,,4.39,-0.1,-2.22717,4.49,4.46,4.52,4.37,27352000,121172236,4.39,4.4
20250812135722.0,570,中国中药,TRAD CHI MED,,2.25,0.01,0.44643,2.24,2.24,2.27,2.24,16790000,37843320,2.24,2.25
20250812133318.0,571,丰德丽控股,ESUN HOLDINGS,,0.052,0.003,6.12245,0.049,0.05,0.052,0.05,30000,1544,0.05,0.052
20250812135632.0,572,未来世界控股,FW HOLDINGS,,0.475,0.035,7.95455,0.44,0.45,0.475,0.45,340392,156373,0.47,0.475
20250812133431.0,573,稻香控股,TAO HEUNG HLDGS,,0.3,0.0,0.0,0.3,0.3,0.3,0.3,37000,11100,0.3,0.31
20250812130031.0,574,百信国际,PASHUN INT'L,,0.057,0.0,0.0,0.057,0.0,0.0,0.0,0,0,0.052,0.062
20250812130002.0,575,励晶太平洋,REGENT PACIFIC,,0.87,0.0,0.0,0.87,0.0,0.0,0.0,50,40,0.84,0.9
20250812135708.0,576,浙江沪杭甬,ZHEJIANGEXPRESS,,7.55,0.11,1.4785,7.44,7.47,7.56,7.42,1062486,7997509,7.54,7.55
20250812135657.0,579,京能清洁能源,JNCEC,,2.46,0.04,1.65289,2.42,2.42,2.5,2.42,9802000,24195140,2.46,2.47
20250812135715.0,580,赛晶科技,SUN.KING TECH,,1.6,0.08,5.26316,1.52,1.52,1.6,1.52,10170000,15894020,1.59,1.6
20250812135010.0,581,中国东方集团,CHINA ORIENTAL,,1.87,-0.05,-2.60417,1.92,1.93,1.94,1.84,4620000,8631998,1.86,1.87
20250812130913.0,582,神话世界,SHIN HWA WORLD,,0.14,0.0,0.0,0.14,0.14,0.142,0.139,1056000,148944,0.139,0.14
20250812135237.0,583,长城环亚控股,GWPA HOLDINGS,,0.225,-0.008,-3.43348,0.233,0.23,0.23,0.225,128000,29256,0.225,0.229
20250812135308.0,585,意力国际,IMAGI INT'L,,0.92,0.07,8.23529,0.85,0.84,0.94,0.84,766067,703926,0.91,0.93
20250812135728.0,586,海螺创业,CONCH VENTURE,,9.72,-0.03,-0.30769,9.75,9.83,9.83,9.65,2314500,22566830,9.72,9.75
20250812135558.0,587,海螺环保,CONCH ENVIRO,,0.71,-0.01,-1.38889,0.72,0.72,0.72,0.71,341500,244590,0.71,0.72
20250812135412.0,588,北京北辰实业股份,BEIJING N STAR,,0.89,0.0,0.0,0.89,0.9,0.92,0.88,28486000,25572980,0.89,0.9
20250812085500.0,589,建中建设,JIANZHONG CONS,,0.19,0.0,0.0,0.19,0.0,0.0,0.0,0,0,0.0,0.0
20250812135725.0,590,六福集团,LUK FOOK HOLD,,23.68,0.98,4.31718,22.7,22.9,23.8,22.76,1971000,46399310,23.68,23.7
20250812135353.0,591,中国高精密,C HIGHPRECISION,,0.375,0.005,1.35135,0.37,0.375,0.375,0.37,2525000,939880,0.375,0.38
20250812085500.0,593,梦东方,DREAMEAST,,0.19,0.0,0.0,0.19,0.0,0.0,0.0,0,0,0.0,0.0
20250812132117.0,595,AV CONCEPT HOLD,AV CONCEPT HOLD,,0.4,0.005,1.26582,0.395,0.4,0.4,0.4,28000,11200,0.395,0.41
20250812135730.0,596,浪潮数字企业,INSPUR DIGI ENT,,10.32,-0.5,-4.62107,10.82,10.82,10.86,10.31,3176800,33281601,10.32,10.34
20250812135701.0,598,中国外运,SINOTRANS,,4.55,0.04,0.88692,4.51,4.51,4.58,4.51,4727995,21523277,4.54,4.55
20250812133703.0,599,怡邦行控股,E. BON HOLDINGS,,0.112,-0.009,-7.43802,0.121,0.112,0.112,0.112,100000,11168,0.11,0.112
20250812133121.0,601,稀镁科技,REMT,,0.09,0.003,3.44828,0.087,0.089,0.094,0.089,1393500,125869,0.087,0.09
20250812134603.0,602,佳华百货控股,JIAHUA STORES H,,0.068,0.0,0.0,0.068,0.074,0.075,0.063,1425000,101455,0.067,0.07
20250812135726.0,603,中油燃气,CHINA OIL & GAS,,0.165,0.003,1.85185,0.162,0.166,0.167,0.16,810880,133376,0.165,0.166
20250812135713.0,604,深圳控股,SHENZHEN INVEST,,0.93,0.02,2.1978,0.91,0.92,0.95,0.91,29825023,27702280,0.93,0.94
20250812133709.0,605,中国金融投资管理,C FIN SERVICES,,1.39,0.01,0.72464,1.38,1.39,1.39,1.39,106300,147748,1.38,1.39
20250812113256.0,606,中骏商管,SCE CM,,0.29,0.005,1.75439,0.285,0.29,0.29,0.29,31000,8990,0.29,0.3
20250812134950.0,607,丰盛控股,FULLSHARE,,0.335,0.0,0.0,0.335,0.345,0.345,0.33,59900,20128,0.335,0.345
20250812103714.0,608,达利国际,HIGH FASHION,,1.32,-0.08,-5.71429,1.4,1.44,1.61,1.32,34000,49780,1.32,1.48
20250812132052.0,609,天德化工,TIANDE CHEMICAL,,1.33,0.0,0.0,1.33,1.33,1.35,1.33,440000,589000,1.33,1.35
20250812135525.0,610,WAI KEE HOLD,WAI KEE HOLD,,0.73,0.0,0.0,0.73,0.72,0.73,0.72,94000,68500,0.69,0.73
20250812134750.0,611,中国核能科技,CNE TECH CORP,,0.495,-0.005,-1.0,0.5,0.495,0.495,0.495,300000,148500,0.49,0.5
20250812085500.0,612,嘉文世纪投资公司,CARMEN CENTURY,,0.335,0.0,0.0,0.335,0.0,0.0,0.0,0,0,0.0,0.0
20250812134559.0,613,梧桐国际,PLANETREE INT'L,,2.9,0.0,0.0,2.9,2.85,2.9,2.83,110000,314470,2.85,2.92
20250812130324.0,616,高山企业,EMINENCE ENT,,0.07,-0.001,-1.40845,0.071,0.069,0.071,0.069,1770000,122975,0.069,0.07
20250812090002.0,617,百利保控股,PALIBURG HOLD,,0.28,0.0,0.0,0.28,0.0,0.0,0.0,0,0,0.28,0.285
20250812135101.0,618,北大资源,PKU RESOURCES,,0.16,-0.001,-0.62112,0.161,0.155,0.166,0.155,312000,50400,0.159,0.161
20250812135203.0,619,南华金融,SOUTH CHINA FIN,,0.275,-0.005,-1.78571,0.28,0.28,0.28,0.255,478000,129220,0.275,0.28
20250812131615.0,620,大唐西市,DTXS SILK ROAD,,0.69,-0.01,-1.42857,0.7,0.74,0.74,0.69,178000,125360,0.69,0.71
20250812130017.0,622,威华达控股,OSHIDORI,,0.48,-0.01,-2.04082,0.49,0.48,0.48,0.48,6000,2880,0.48,0.53
20250812135550.0,623,中视金桥,SINOMEDIA,,2.64,-0.04,-1.49254,2.68,2.63,2.69,2.63,256000,680370,2.64,2.66
20250812112142.0,626,大众金融控股,PUBLIC FIN HOLD,,1.34,-0.03,-2.18978,1.37,1.36,1.36,1.34,12000,16240,1.34,1.36
20250812093924.0,627,日本共生,JAPAN KYOSEI,,0.65,0.0,0.0,0.65,0.0,0.0,0.0,0,0,0.57,0.98
20250812135145.0,628,通通ＡＩ社交,TONGTONG AI SOC,,0.275,0.01,3.77359,0.265,0.27,0.275,0.27,580000,157790,0.265,0.275
20250812113621.0,629,悦达国际控股,YUE DA INTL,,0.3,-0.02,-6.25,0.32,0.3,0.3,0.3,120000,36000,0.29,0.3
20250812131837.0,630,隽泰控股,AMCO UNITED,,0.285,0.0,0.0,0.285,0.285,0.285,0.285,20000,5700,0.28,0.31
20250812135721.0,631,三一国际,SANY INT'L,,7.42,0.03,0.40595,7.39,7.5,7.62,7.4,7942320,59748344,7.41,7.43
20250812135716.0,632,中港石油,CHK OIL,,0.52,0.0,0.0,0.52,0.52,0.52,0.51,7820000,4014640,0.51,0.52
20250812105217.0,635,彩星集团,PLAYMATES,,0.53,-0.01,-1.85185,0.54,0.53,0.53,0.53,170000,90100,0.53,0.54
20250812135354.0,636,KLN,KLN,,8.45,0.01,0.11848,8.44,8.44,8.57,8.43,370000,3142515,8.44,8.45
20250812130022.0,637,利记,LEE KEE,,0.145,0.0,0.0,0.145,0.0,0.0,0.0,0,0,0.145,0.166
20250812135630.0,639,首钢资源,SHOUGANG RES,,2.98,0.06,2.0548,2.92,2.9,2.98,2.9,13077334,38607115,2.97,2.98
20250812134719.0,640,星谦发展,INFINITY DEV,,1.17,0.07,6.36364,1.1,1.13,1.2,1.13,1028000,1186240,1.16,1.19
20250812135722.0,641,中国恒天立信国际,CHTC FONG'S INT,,0.315,-0.01,-3.07692,0.325,0.315,0.32,0.315,16000,5050,0.315,0.32
20250812131321.0,643,恒富控股,CARRY WEALTH,,0.61,0.01,1.66667,0.6,0.6,0.62,0.57,10480000,6283900,0.61,0.62
20250812132733.0,645,安域亚洲,ARES ASIA,,0.157,0.0,0.0,0.157,0.157,0.157,0.157,42000,6594,0.145,0.164
20250812130016.0,646,中国环保科技,CHINA ENV TEC,,0.176,0.0,0.0,0.176,0.0,0.0,0.0,0,0,0.168,0.199
20250812085500.0,648,京玖康疗－新,SOFTMEDX-NEW,,0.38,0.0,0.0,0.38,0.0,0.0,0.0,0,0,0.0,0.0
20250812130007.0,650,普达特科技,PRODUCTIVE TECH,,0.208,0.005,2.46305,0.203,0.203,0.208,0.203,158000,32094,0.205,0.208
20250812135150.0,653,卓悦控股,BONJOUR HOLD,,0.105,-0.004,-3.66973,0.109,0.108,0.108,0.105,576000,60984,0.105,0.107
20250812135557.0,655,香港华人有限公司,HK CHINESE LTD,,0.29,0.0,0.0,0.29,0.285,0.29,0.285,654000,188450,0.285,0.29
20250812135730.0,656,复星国际,FOSUN INTL,,5.52,0.18,3.37079,5.34,5.36,5.55,5.34,7811199,42300169,5.52,5.54
20250812132353.0,657,环科国际,G-VISION INT'L,,0.029,0.0,0.0,0.029,0.027,0.029,0.026,244000,6872,0.027,0.029
20250812135718.0,658,中国高速传动,C TRANSMISSION,,1.38,0.02,1.47059,1.36,1.37,1.39,1.36,172000,237640,1.37,1.39
20250812134054.0,659,周大福创建,CTF SERVICES,,7.77,-0.01,-0.12854,7.78,7.78,7.79,7.76,139999,1088462,7.76,7.77
20250812132511.0,660,玮俊生物科技,WAI CHUN BIOTEC,,0.16,0.032,25.0,0.128,0.147,0.16,0.147,80000,12040,0.144,0.159
20250812133958.0,661,中国大冶有色金属,CDAYENONFER,,0.06,0.001,1.69492,0.059,0.059,0.06,0.058,7802140,456426,0.058,0.06
20250812113810.0,662,亚洲金融,ASIA FINANCIAL,,4.65,-0.05,-1.06383,4.7,4.7,4.7,4.65,26000,121200,4.65,4.7
20250812085500.0,663,金山能源,KING STONE ENGY,,0.102,0.0,0.0,0.102,0.0,0.0,0.0,0,0,0.0,0.0
20250812135726.0,666,瑞浦兰钧,REPT BATTERO,,11.76,-0.28,-2.32558,12.04,12.2,12.35,11.64,4432400,52764086,11.75,11.78
20250812135728.0,667,中国东方教育,CHINA EAST EDU,,8.85,-0.2,-2.20995,9.05,9.05,9.15,8.76,4863000,43371552,8.85,8.86
20250812135726.0,669,创科实业,TECHTRONIC IND,,98.5,0.2,0.20346,98.3,98.35,99.0,97.85,2076715,204563346,98.45,98.5
20250812135125.0,670,中国东方航空股份,CHINA EAST AIR,,2.91,-0.01,-0.34247,2.92,2.92,2.95,2.9,1184000,3456720,2.9,2.91
20250812135320.0,672,众安集团,ZHONGAN GROUP,,0.159,-0.004,-2.45399,0.163,0.161,0.161,0.158,1309000,209128,0.158,0.159
20250812113343.0,673,中国卫生集团,CHINA HEALTH,,0.65,0.0,0.0,0.65,0.65,0.65,0.65,108000,70200,0.64,0.68
20250812131935.0,674,中国唐商,CHINA TANGSHANG,,0.086,0.001,1.17647,0.085,0.086,0.086,0.086,4000,344,0.081,0.086
20250812113341.0,675,坚宝国际,K & P INT'L,,0.42,0.0,0.0,0.42,0.0,0.0,0.0,0,0,0.385,0.41
20250812093002.0,676,创信国际,PEGASUS INT'L,,1.03,0.0,0.0,1.03,0.0,0.0,0.0,0,0,1.02,1.15
20250812134921.0,677,金源发展国际实业,GOLDEN RES DEV,,0.355,-0.005,-1.38889,0.36,0.36,0.36,0.355,148000,53260,0.355,0.36
20250812130010.0,679,亚洲联网科技,ASIA TELE-NET,,1.06,0.0,0.0,1.06,0.0,0.0,0.0,0,0,1.02,1.07
20250812135145.0,681,中民控股,CHI PEOPLE HOLD,,0.031,-0.001,-3.125,0.032,0.032,0.032,0.031,1912836,60071,0.03,0.032
20250812131502.0,682,超大现代,CHAODA MODERN,,0.22,0.002,0.91743,0.218,0.216,0.241,0.216,213010,49055,0.225,0.239
20250812135730.0,683,嘉里建设,KERRY PPT,,21.3,-0.5,-2.29358,21.8,21.6,21.64,21.3,342182,7323591,21.3,21.32
20250812105520.0,684,亚伦国际,ALLAN INT'L,,0.6,0.0,0.0,0.6,0.0,0.0,0.0,0,0,0.59,0.62
20250812090406.0,685,世界华文媒体,MEDIA CHINESE,,0.208,0.0,0.0,0.208,0.0,0.0,0.0,0,0,0.0,0.208
20250812132421.0,686,北京能源国际,BJ ENERGY INTL,,1.4,-0.02,-1.40845,1.42,1.4,1.4,1.4,164000,229600,1.4,1.41
20250812135041.0,687,泰升集团,TYSAN HOLDINGS,,0.26,-0.015,-5.45455,0.275,0.275,0.3,0.26,1286000,352310,0.265,0.27
20250812135731.0,688,中国海外发展,CHINA OVERSEAS,,13.87,0.19,1.38889,13.68,13.59,13.95,13.56,5722095,79135983,13.86,13.87
20250812130017.0,689,长盈集团（控股）,EPI (HOLDINGS),,0.11,0.0,0.0,0.11,0.11,0.11,0.11,120000,13200,0.11,0.113
20250812135704.0,690,联康生物科技集团,UNI-BIO GROUP,,0.166,0.006,3.75,0.16,0.16,0.166,0.16,24520000,3991180,0.165,0.166
20250812135710.0,691,山水水泥,SHANSHUI CEMENT,,0.88,-0.02,-2.22222,0.9,0.9,0.9,0.82,392000,344420,0.83,0.84
20250812130755.0,693,陈唱国际,TAN CHONG INT'L,,1.46,0.0,0.0,1.46,0.0,0.0,0.0,0,0,1.46,1.53
20250812135708.0,694,北京首都机场股份,BEIJING AIRPORT,,3.01,0.01,0.33333,3.0,3.0,3.03,2.99,3777998,11344594,3.0,3.01
20250812134002.0,695,东吴水泥,DONGWU CEMENT,,4.01,0.01,0.25,4.0,3.96,4.17,3.96,850000,3420520,3.99,4.02
20250812135718.0,696,中国民航信息网络,TRAVELSKY TECH,,12.46,0.24,1.96399,12.22,12.3,12.58,12.14,3361700,41829316,12.45,12.46
20250812135633.0,697,首程控股,SHOUCHENG,,1.93,-0.02,-1.02564,1.95,1.95,1.96,1.91,27720400,53525342,1.92,1.93
20250812134707.0,698,通达集团,TONGDA GROUP,,0.114,-0.002,-1.72414,0.116,0.117,0.117,0.114,3660000,421260,0.113,0.116
20250812135732.0,700,腾讯控股,TENCENT,,556.0,-5.0,-0.89127,561.0,557.5,564.5,556.0,8389570,4692043354,556.0,556.5
20250812133116.0,701,CNT GROUP,CNT GROUP,,0.212,0.0,0.0,0.212,0.0,0.0,0.0,0,0,0.218,0.231
20250812085500.0,702,中国油气控股,SINO OIL & GAS,,0.034,0.0,0.0,0.034,0.0,0.0,0.0,0,0,0.0,0.0
20250812135325.0,703,FUTURE BRIGHT,FUTURE BRIGHT,,0.17,0.01,6.25,0.16,0.16,0.171,0.16,587000,98846,0.17,0.171
20250812135514.0,704,和嘉控股,HUSCOKE HLDGS,,0.134,-0.001,-0.74074,0.135,0.21,0.21,0.101,535000,87720,0.121,0.148
20250812085500.0,707,亚洲电视控股,ATV HOLDINGS,,0.06,0.0,0.0,0.06,0.0,0.0,0.0,0,0,0.0,0.0
20250812085500.0,708,恒大汽车,EVERG VEHICLE,,0.17,0.0,0.0,0.17,0.0,0.0,0.0,0,0,0.0,0.0
20250812135719.0,709,佐丹奴国际,GIORDANO INT'L,,1.5,-0.01,-0.66225,1.51,1.51,1.51,1.49,160000,239920,1.49,1.5
20250812135700.0,710,京东方精电,BOE VARITRONIX,,6.5,-0.03,-0.45942,6.53,6.6,6.75,6.49,3513999,23242883,6.5,6.51
20250812090044.0,711,亚洲联合基建控股,ASIA ALLIED INF,,0.435,0.0,0.0,0.435,0.0,0.0,0.0,0,0,0.425,0.435
20250812130006.0,712,卡姆丹克太阳能,COMTEC SOLAR,,0.1,-0.001,-0.9901,0.101,0.101,0.101,0.1,1222500,123067,0.101,0.103
20250812130143.0,713,世界（集团）,WORLD HOUSEWARE,,0.485,0.0,0.0,0.485,0.0,0.0,0.0,0,0,0.48,0.485
20250812134311.0,716,胜狮货柜,SINGAMAS CONT,,0.71,0.0,0.0,0.71,0.71,0.71,0.7,2320000,1639540,0.7,0.71
20250812134734.0,717,英皇资本,EMPEROR CAPITAL,,0.091,0.001,1.11111,0.09,0.09,0.091,0.089,4146001,371676,0.09,0.091
20250812130956.0,718,太和控股,TAI UNITED HOLD,,0.049,0.002,4.25532,0.047,0.047,0.049,0.047,1495000,72175,0.047,0.05
20250812135607.0,719,山东新华制药股份,SHANDONG XINHUA,,7.96,-0.09,-1.11801,8.05,8.08,8.14,7.88,2652000,21137040,7.93,7.96
20250812130012.0,720,意达利控股,AUTO ITALIA,,0.14,0.0,0.0,0.14,0.0,0.0,0.0,0,0,0.135,0.14
20250812135340.0,721,中国金融国际,C FIN INT INV,,0.059,0.002,3.50877,0.057,0.056,0.059,0.056,2290000,128810,0.056,0.059
20250812132940.0,722,联合医务,UMP,,0.47,-0.01,-2.08333,0.48,0.49,0.49,0.47,52000,25060,0.47,0.49
20250812134136.0,723,信保环球控股,RELIANCE GLO HL,,0.27,-0.015,-5.26316,0.285,0.28,0.28,0.265,881064,239316,0.27,0.28
20250812085500.0,724,瑞鑫国际集团,RUIXIN INT'L,,0.105,0.0,0.0,0.105,0.0,0.0,0.0,0,0,0.0,0.0
20250812114838.0,725,恒都集团,PERENNIAL INT'L,,0.63,0.0,0.0,0.63,0.0,0.0,0.0,0,0,0.61,0.63
20250812110109.0,726,筑友智造科技,DIT GROUP,,0.068,0.0,0.0,0.068,0.0,0.0,0.0,0,0,0.067,0.076
20250812134807.0,727,皇冠环球集团,CROWNICORP,,1.29,0.0,0.0,1.29,1.29,1.29,1.29,40000,51600,1.18,1.29
20250812135729.0,728,中国电信,CHINA TELECOM,,6.15,-0.05,-0.80645,6.2,6.23,6.23,6.09,23292144,142840389,6.14,6.15
20250812134512.0,730,首惠产业金融,CAPITAL IND FIN,,0.125,-0.001,-0.79365,0.126,0.125,0.125,0.125,250000,31250,0.123,0.127
20250812134454.0,731,建发新胜,C&D NEWIN,,0.191,-0.019,-9.04762,0.21,0.2,0.2,0.19,4140000,801900,0.191,0.195
20250812134914.0,732,信利国际,TRULY INT'L,,1.22,0.03,2.52101,1.19,1.18,1.23,1.18,3739292,4510429,1.2,1.22
20250812130002.0,733,合富辉煌,HOPEFLUENT,,0.345,0.0,0.0,0.345,0.0,0.0,0.0,0,0,0.335,0.365
20250812134459.0,736,中国置业投资,CHINA PPT INV,,0.22,0.015,7.31707,0.205,0.22,0.22,0.22,3000,660,0.196,0.2
20250812134623.0,737,湾区发展,BAY AREA DEV,,1.85,-0.02,-1.06952,1.87,1.85,1.86,1.85,59500,110275,1.85,1.87
20250812090256.0,738,莱尔斯丹,LE SAUNDA,,0.243,0.0,0.0,0.243,0.0,0.0,0.0,0,0,0.243,0.265
20250812135708.0,743,亚洲水泥（中国）,ASIA CEMENT CH,,2.97,0.13,4.57747,2.84,2.86,2.99,2.84,2911997,8500580,2.96,2.97
20250812130437.0,745,中国国家文化产业,CN CULTURE GP,,0.62,0.0,0.0,0.62,0.62,0.63,0.62,115600,71148,0.62,0.77
20250812135710.0,746,理文化工,L & M CHEMICAL,,5.02,0.03,0.6012,4.99,4.97,5.04,4.94,194000,969540,5.0,5.02
20250812134251.0,747,渖阳公用发展股份,SHENYANG PUBLIC,,0.08,0.016,25.0,0.064,0.064,0.086,0.064,1220000,86034,0.068,0.075
20250812134009.0,750,水发兴业能源,SFSY ENERGY,,0.295,-0.01,-3.27869,0.305,0.295,0.305,0.295,278000,82390,0.295,0.3
20250812135114.0,751,创维集团,SKYWORTH GROUP,,3.18,-0.04,-1.24224,3.22,3.2,3.22,3.17,1858000,5940340,3.18,3.19
20250812135637.0,752,PICO FAR EAST,PICO FAR EAST,,2.56,0.01,0.39216,2.55,2.55,2.57,2.55,120000,306800,2.55,2.56
20250812135732.0,753,中国国航,AIR CHINA,,5.37,0.06,1.12994,5.31,5.31,5.43,5.31,7576927,40806988,5.36,5.37
20250812135703.0,754,合生创展集团,HOPSON DEV HOLD,,3.75,0.01,0.26738,3.74,3.78,3.79,3.71,1584672,5915476,3.74,3.75
20250812132007.0,755,大方广瑞德,DEVGREAT,,0.45,0.005,1.1236,0.445,0.45,0.45,0.45,10000,4500,0.43,0.45
20250812132617.0,756,森美控股,SUMMI,,0.75,-0.03,-3.84615,0.78,0.78,0.78,0.75,29200,22120,0.75,0.79
20250812133315.0,757,阳光能源,SOLARGIGA,,0.091,0.0,0.0,0.091,0.091,0.091,0.091,50000,4550,0.09,0.093
20250812135538.0,759,CEC INT'L HOLD,CEC INT'L HOLD,,0.31,0.005,1.63934,0.305,0.3,0.31,0.285,1394000,410780,0.3,0.31
20250812114411.0,760,新天地产集团,TALENT PPT GP,,0.134,0.0,0.0,0.134,0.0,0.0,0.0,0,0,0.133,0.152
20250812135732.0,762,中国联通,CHINA UNICOM,,10.13,0.02,0.19782,10.11,10.13,10.2,10.03,18992652,191712850,10.12,10.13
20250812135731.0,763,中兴通讯,ZTE,,25.46,0.52,2.085,24.94,24.9,25.62,24.84,11330766,287207768,25.46,25.48
20250812110244.0,764,永恒策略,ETERNITY INV,,0.495,-0.035,-6.60377,0.53,0.495,0.495,0.495,11800,5799,0.51,0.53
20250812131140.0,765,PERFECTECH INTL,PERFECTECH INTL,,0.42,-0.01,-2.32558,0.43,0.335,0.42,0.335,134000,46830,0.355,0.45
20250812135229.0,767,中基长寿科学,ZHONG JI LS,,0.6,0.03,5.26316,0.57,0.57,0.6,0.57,75000,43300,0.6,0.61
20250812135300.0,768,开明投资,UBA INVESTMENTS,,0.057,0.003,5.55556,0.054,0.051,0.057,0.05,1530000,80320,0.053,0.056
20250812085500.0,769,中国稀土,CHINA RAREEARTH,,0.7,0.0,0.0,0.7,0.0,0.0,0.0,0,0,0.0,0.0
20250812095202.0,770,SHANGHAI GROWTH,SHANGHAI GROWTH,,0.28,0.0,0.0,0.28,0.0,0.0,0.0,0,0,0.24,0.28
20250812114150.0,771,自动系统,AUTOMATED SYS,,1.01,-0.01,-0.98039,1.02,1.02,1.02,1.01,12000,12160,1.01,1.02
20250812135729.0,772,阅文集团,CHINA LIT,,30.84,-1.08,-3.38346,31.92,32.08,32.08,30.82,1843430,57381777,30.82,30.84
20250812135708.0,775,长江生命科技,CKLIFE SCIENCES,,0.95,-0.01,-1.04167,0.96,0.97,0.97,0.95,6036200,5810226,0.95,0.96
20250812134701.0,776,帝国科技集团,IMPERIUM TEC GP,,1.17,0.03,2.63158,1.14,1.14,1.18,1.14,60000,69005,1.14,1.17
20250812135727.0,777,网龙,NETDRAGON,,11.14,-0.14,-1.24114,11.28,11.28,11.29,11.13,501500,5614321,11.15,11.17
20250812135722.0,780,同程旅行,TONGCHENGTRAVEL,,19.71,0.12,0.61256,19.59,19.59,19.75,19.48,3333150,65361409,19.71,19.72
20250812135230.0,784,凌锐控股,LING YUI,,0.078,0.0,0.0,0.078,0.078,0.078,0.078,60000,4680,0.076,0.084
20250812135700.0,788,中国铁塔,CHINA TOWER,,11.64,-0.16,-1.35593,11.8,11.8,11.81,11.6,8670054,101126882,11.64,11.65
20250812131654.0,789,雅天妮集团,ARTINI HLDG,,0.335,0.0,0.0,0.335,0.0,0.0,0.0,0,0,0.335,0.35
20250812134357.0,794,锦胜集团（控股）,COME SURE GROUP,,0.158,0.0,0.0,0.158,0.0,0.0,0.0,0,0,0.161,0.0
20250812113016.0,797,第七大道,7ROAD,,0.64,0.01,1.5873,0.63,0.66,0.66,0.64,44000,28920,0.64,0.72
20250812133137.0,798,中电光谷,CEOVU,,0.249,0.0,0.0,0.249,0.0,0.0,0.0,0,0,0.242,0.25
20250812135401.0,799,IGG,IGG,,4.93,-0.09,-1.79283,5.02,5.02,5.02,4.87,5365326,26409343,4.92,4.93
20250812085500.0,802,中国钱包,CHINA E-WALLET,,0.045,0.0,0.0,0.045,0.0,0.0,0.0,0,0,0.0,0.0
20250812134710.0,804,鼎石资本,PINESTONE,,0.265,0.01,3.92157,0.255,0.26,0.265,0.26,30000,7825,0.265,0.28
20250812135629.0,805,新吉奥房车,NEW GONOW RV,,1.18,0.04,3.50877,1.14,1.13,1.18,1.12,132000,152720,1.13,1.16
20250812135540.0,806,惠理集团,VALUE PARTNERS,,2.2,0.02,0.91743,2.18,2.18,2.21,2.17,525000,1150930,2.19,2.2
20250812104443.0,807,上海实业环境,SIICENVIRONMENT,,1.11,0.0,0.0,1.11,1.11,1.11,1.11,15000,16650,1.11,1.12
20250812133011.0,809,大成生化科技,GLOBAL BIO-CHEM,,0.097,-0.003,-3.0,0.1,0.096,0.099,0.096,2016000,197954,0.097,0.099
20250812130013.0,810,中国铸晨８１,CH CASTSON 81,,0.141,-0.001,-0.70423,0.142,0.141,0.141,0.141,30000,4230,0.136,0.141
20250812134358.0,811,新华文轩,XINHUA WINSHARE,,12.02,0.05,0.41771,11.97,11.99,12.07,11.9,166800,1997820,12.02,12.05
20250812085500.0,812,西证国际证券,SWSI,,0.03,0.0,0.0,0.03,0.0,0.0,0.0,0,0,0.0,0.0
20250812135709.0,813,世茂集团,SHIMAO GROUP,,0.455,-0.02,-4.21053,0.475,0.475,0.48,0.44,85508033,38801325,0.45,0.455
20250812130831.0,814,北京京客隆,JINGKELONG,,0.34,0.0,0.0,0.34,0.325,0.34,0.325,48000,15750,0.325,0.34
20250812135711.0,815,中国白银集团,CHI SILVER GP,,0.445,-0.005,-1.11111,0.45,0.44,0.45,0.44,5226000,2324460,0.445,0.45
20250812131802.0,816,金茂服务,JINMAO SERVICES,,3.22,-0.03,-0.92308,3.25,3.25,3.25,3.21,125302,405535,3.22,3.23
20250812135607.0,817,中国金茂,CHINA JINMAO,,1.51,0.02,1.34228,1.49,1.49,1.52,1.49,14404808,21675955,1.51,1.52
20250812133115.0,818,高阳科技,HI SUN TECH,,0.49,-0.01,-2.0,0.5,0.495,0.5,0.49,687000,338910,0.49,0.495
20250812135652.0,819,天能动力,TIANNENG POWER,,6.87,-0.04,-0.57887,6.91,6.91,6.94,6.83,2540000,17478440,6.87,6.88
20250812133113.0,821,汇盈控股（新）,VC HOLDINGS-NEW,,0.7,-0.03,-4.10959,0.73,0.66,0.74,0.65,192080,135816,0.7,0.72
20250812093412.0,822,嘉瑞国际,KA SHUI INT'L,,0.34,0.0,0.0,0.34,0.0,0.0,0.0,0,0,0.325,0.335
20250812135640.0,825,新世界百货中国,NWDS CHINA,,0.31,0.01,3.33333,0.3,0.3,0.355,0.29,3370000,1040850,0.305,0.31
20250812135620.0,826,天工国际,TIANGONG INT'L,,2.08,-0.01,-0.47847,2.09,2.1,2.11,2.07,4952000,10327440,2.08,2.09
20250812132050.0,827,玖源集团,KO YO GROUP,,0.025,0.0,0.0,0.025,0.0,0.0,0.0,0,0,0.024,0.026
20250812131055.0,828,王朝酒业,DYNASTY WINES,,0.3,0.005,1.69492,0.295,0.295,0.3,0.29,2016000,594450,0.29,0.3
20250812132820.0,829,神冠控股,SHENGUAN HLDGS,,0.32,0.005,1.5873,0.315,0.315,0.32,0.31,264000,83410,0.31,0.32
20250812133843.0,830,中国建筑兴业,CSC DEVELOPMENT,,1.51,0.01,0.66667,1.5,1.51,1.55,1.51,280000,423820,1.5,1.52
20250812095329.0,831,利亚零售,CR ASIA,,0.36,0.0,0.0,0.36,0.0,0.0,0.0,2000,720,0.355,0.36
20250812130507.0,832,建业地产,CENTRAL CHINA,,0.097,-0.004,-3.9604,0.101,0.097,0.097,0.097,173000,16681,0.096,0.099
20250812135728.0,833,华讯,ALLTRONICS,,0.49,0.0,0.0,0.49,0.48,0.52,0.48,380000,185540,0.48,0.49
20250812104446.0,834,康大食品,KANGDA FOOD,,0.229,0.006,2.69058,0.223,0.229,0.229,0.229,4000,916,0.22,0.245
20250812135619.0,836,华润电力,CHINA RES POWER,,19.96,0.09,0.45294,19.87,19.87,20.08,19.87,5883576,117649475,19.95,19.96
20250812133141.0,837,谭木匠,CARPENTER TAN,,5.92,0.06,1.02389,5.86,5.86,5.93,5.86,377000,2225565,5.91,5.93
20250812135426.0,838,亿和控股,EVA HOLDINGS,,0.78,0.01,1.2987,0.77,0.77,0.78,0.77,3679990,2845271,0.77,0.78
20250812135649.0,839,中教控股,CHINA EDU GROUP,,2.81,0.03,1.07914,2.78,2.79,2.82,2.77,4177090,11693893,2.8,2.81
20250812133402.0,840,天业节水,TIANYE WATER,,0.226,-0.006,-2.58621,0.232,0.235,0.235,0.191,350000,70094,0.205,0.226
20250812134331.0,841,木薯资源,CASSAVA RES,,0.089,0.0,0.0,0.089,0.0,0.0,0.0,0,0,0.09,0.099
20250812132351.0,842,理士国际,LEOCH INT'L,,1.91,0.0,0.0,1.91,1.91,1.92,1.9,141000,268870,1.9,1.92
20250812131402.0,844,广泰国际控股,GREATIME INTL,,0.37,0.0,0.0,0.37,0.0,0.0,0.0,0,0,0.345,0.425
20250812085500.0,845,恒盛地产,GLORIOUS PPT H,,0.01,0.0,0.0,0.01,0.0,0.0,0.0,0,0,0.0,0.0
20250812100648.0,846,明发集团,MINGFA GROUP,,0.144,0.0,0.0,0.144,0.0,0.0,0.0,0,0,0.0,0.162
20250812132139.0,848,茂业国际,MAOYE INT'L,,0.137,-0.001,-0.72464,0.138,0.141,0.143,0.137,692000,96236,0.137,0.141
20250812133215.0,851,盛源控股,SHENG YUAN HLDG,,0.35,0.02,6.06061,0.33,0.35,0.35,0.35,70000,24500,0.275,0.4
20250812085500.0,852,海峡石油化工,STRONG PETRO,,0.166,0.0,0.0,0.166,0.0,0.0,0.0,0,0,0.0,0.0
20250812135723.0,853,微创医疗,MICROPORT,,12.93,-0.09,-0.69124,13.02,13.02,13.28,12.72,26466704,345876769,12.9,12.94
20250812135441.0,854,威雅利,WILLAS-ARRAY,,12.99,-0.09,-0.68807,13.08,12.99,12.99,12.99,2000,25980,0.0,12.88
20250812134600.0,855,中国水务,CHINA WATER,,6.23,-0.01,-0.16026,6.24,6.16,6.26,6.16,248400,1547488,6.22,6.23
20250812135653.0,856,伟仕佳杰,VSTECS,,10.12,-0.12,-1.17188,10.24,10.17,10.21,9.65,17864000,177284360,10.11,10.14
20250812135729.0,857,中国石油股份,PETROCHINA,,7.64,0.1,1.32626,7.54,7.51,7.69,7.51,38826858,296421527,7.64,7.65
20250812134747.0,858,精优药业,EXTRAWELL PHAR,,0.119,0.0,0.0,0.119,0.116,0.121,0.116,3710000,444700,0.119,0.121
20250812131721.0,859,中昌国际控股,ZHONGCHANG INTL,,0.121,0.0,0.0,0.121,0.0,0.0,0.0,0,0,0.103,0.119
20250812135336.0,860,ＡＰＯＬＬＯ出行,APOLLO FMG,,0.74,-0.02,-2.63158,0.76,0.74,0.74,0.74,11800,8434,0.73,0.74
20250812134930.0,861,神州控股,DC HOLDINGS,,3.01,-0.02,-0.66007,3.03,3.02,3.05,3.01,841000,2546370,3.01,3.03
20250812135304.0,862,远见控股,VISION VALUES,,0.038,-0.002,-5.0,0.04,0.038,0.038,0.036,300000,11120,0.037,0.038
20250812135659.0,863,ＯＳＬ集团,OSL GROUP,,15.1,0.11,0.73382,14.99,15.0,15.2,14.8,1771387,26596185,15.1,15.12
20250812130016.0,864,永利地产发展,WING LEE PPT,,0.15,0.0,0.0,0.15,0.0,0.0,0.0,0,0,0.13,0.158
20250812091848.0,865,建德国际控股,JIANDE INT'L,,0.04,0.0,0.0,0.04,0.0,0.0,0.0,0,0,0.036,0.043
20250812135712.0,866,中国秦发,CHINA QINFA,,2.21,-0.14,-5.95745,2.35,2.38,2.38,2.17,11116779,24982172,2.19,2.2
20250812135728.0,867,康哲药业,CMS,,13.33,0.0,0.0,13.33,13.33,13.5,13.26,4302990,57557618,13.33,13.36
20250812135642.0,868,信义玻璃,XINYI GLASS,,8.57,0.07,0.82353,8.5,8.57,8.64,8.47,7322306,62776204,8.58,8.59
20250812115551.0,869,彩星玩具,PLAYMATES TOYS,,0.58,-0.01,-1.69492,0.59,0.59,0.59,0.58,60000,35320,0.58,0.59
20250812102400.0,871,中国疏浚环保,CH DREDG ENV,,0.072,0.0,0.0,0.072,0.072,0.072,0.072,80000,5760,0.071,0.072
20250812135634.0,873,世茂服务,SHIMAO SERVICES,,0.75,-0.01,-1.31579,0.76,0.76,0.76,0.75,635000,476350,0.74,0.75
20250812135722.0,874,白云山,BAIYUNSHAN PH,,17.9,0.05,0.28011,17.85,17.82,18.02,17.82,1697980,30473304,17.9,17.91
20250812134310.0,875,从玉智农,CONGYU INTE AGR,,0.35,-0.005,-1.40845,0.355,0.37,0.37,0.345,341600,118388,0.345,0.355
20250812135726.0,876,佳兆业健康,KAISA HEALTH,,0.02,-0.001,-4.76191,0.021,0.02,0.02,0.02,2750000,55000,0.02,0.021
20250812130001.0,878,金朝阳集团,SOUNDWILL HOLD,,6.1,0.0,0.0,6.1,6.1,6.1,6.1,2000,12200,6.08,6.1
20250812135609.0,880,澳博控股,SJM HOLDINGS,,3.29,0.01,0.30488,3.28,3.3,3.31,3.26,11945750,39240487,3.28,3.29
20250812135619.0,881,中升控股,ZHONGSHENG HLDG,,14.24,0.52,3.79009,13.72,13.9,14.78,13.82,19248650,277713806,14.24,14.25
20250812135329.0,882,天津发展,TIANJIN DEV,,2.74,-0.03,-1.08303,2.77,2.78,2.78,2.74,678000,1866760,2.74,2.77
20250812135731.0,883,中国海洋石油,CNOOC,,18.77,0.21,1.13147,18.56,18.56,18.84,18.56,31462484,588969426,18.76,18.77
20250812135109.0,884,旭辉控股集团,CIFI HOLD GP,,0.241,-0.004,-1.63265,0.245,0.245,0.245,0.237,14110000,3405112,0.241,0.242
20250812134813.0,887,英皇钟表珠宝,EMPEROR WATCH&J,,0.395,-0.015,-3.65854,0.41,0.405,0.405,0.39,6950000,2741700,0.39,0.395
20250812135300.0,888,贝森金融,BISON FINANCE,,0.081,-0.001,-1.21951,0.082,0.08,0.081,0.08,80000,6412,0.081,0.084
20250812130017.0,889,连达科技控股,DATRONIX HOLD,,0.285,0.0,0.0,0.285,0.0,0.0,0.0,0,0,0.285,0.32
20250812133714.0,893,中国铁钛,CHINAVTM MINING,,0.08,-0.004,-4.76191,0.084,0.08,0.083,0.08,191000,15489,0.081,0.083
20250812131553.0,894,万裕科技,MAN YUE TECH,,0.43,0.0,0.0,0.43,0.43,0.43,0.43,28000,12040,0.415,0.42
20250812135607.0,895,东江环保,DONGJIANG ENV,,2.68,-0.02,-0.74074,2.7,2.71,2.72,2.68,811800,2191610,2.68,2.7
20250812130022.0,896,兴胜创建,HANISON,,0.27,0.0,0.0,0.27,0.0,0.0,0.0,0,0,0.25,0.27
20250812111852.0,897,位元堂,WAI YUEN TONG,,0.315,0.005,1.6129,0.31,0.32,0.32,0.315,86178,27394,0.315,0.325
20250812130013.0,898,万事昌国际,MULTIFIELD INTL,,1.05,0.0,0.0,1.05,0.0,0.0,0.0,0,0,1.05,1.08
20250812134625.0,899,中加国信,ZHONG JIA GX,,0.53,0.0,0.0,0.53,0.56,0.57,0.48,830240,412148,0.485,0.54
20250812133228.0,900,AEON CREDIT,AEON CREDIT,,7.33,0.01,0.13661,7.32,7.35,7.35,7.3,14000,102640,7.31,7.33
20250812135404.0,902,华能国际电力股份,HUANENG POWER,,5.57,-0.01,-0.17921,5.58,5.57,5.63,5.54,6403248,35710586,5.57,5.58
20250812134107.0,905,胡桃资本,WALNUT CAP,,1.84,0.01,0.54645,1.83,1.85,1.85,1.82,624000,1145920,1.82,1.85
20250812131604.0,907,高雅光学,ELEGANCEOPTICAL,,0.087,-0.004,-4.3956,0.091,0.084,0.09,0.084,460000,41140,0.087,0.09
20250812135724.0,909,明源云,MING YUAN CLOUD,,3.54,-0.1,-2.74725,3.64,3.68,3.68,3.53,13555000,48499280,3.54,3.55
20250812085500.0,910,中国三迪,CHINA SANDI,,0.014,0.0,0.0,0.014,0.0,0.0,0.0,0,0,0.0,0.0
20250812130026.0,911,前海健康,QIANHAI HEALTH,,0.23,-0.009,-3.76569,0.239,0.23,0.23,0.23,13325,3009,0.221,0.25
20250812100006.0,912,信佳国际,SUGA INT'L,,1.17,0.0,0.0,1.17,0.0,0.0,0.0,0,0,1.15,1.2
20250812130015.0,913,港湾数字,HARBOUR DIGITAL,,0.33,0.0,0.0,0.33,0.0,0.0,0.0,0,0,0.31,0.33
20250812135722.0,914,海螺水泥,CONCH CEMENT,,24.92,0.12,0.48387,24.8,24.8,25.04,24.7,9804213,243617632,24.92,24.94
20250812111226.0,915,道和环球,DAOHE GLOBAL,,0.081,0.0,0.0,0.081,0.078,0.081,0.077,975000,78319,0.078,0.081
20250812135723.0,916,龙源电力,CHINA LONGYUAN,,7.03,0.01,0.14245,7.02,7.02,7.14,7.01,10024530,70767457,7.02,7.03
20250812135647.0,917,趣致集团,QUNABOX GROUP,,100.4,-5.5,-5.19358,105.9,105.0,105.0,97.55,351900,35228865,100.1,100.4
20250812094440.0,918,龙翼航空科技,MAJESTIC DRAGON,,0.6,0.0,0.0,0.6,0.0,0.0,0.0,0,0,0.54,0.6
20250812133000.0,919,现代健康科技,MODERNHEALTHTEC,,0.107,0.009,9.18367,0.098,0.102,0.108,0.102,1648000,171296,0.094,0.106
20250812135710.0,921,海信家电,HISENSE HA,,22.68,-0.18,-0.7874,22.86,22.94,23.22,22.64,2380532,54771828,22.66,22.68
20250812131927.0,922,安贤园中国,ANXIANYUAN CH,,0.166,0.003,1.84049,0.163,0.164,0.166,0.162,4710000,775270,0.165,0.167
20250812134259.0,923,综合环保集团,IWS,,0.016,0.0,0.0,0.016,0.015,0.016,0.015,1050000,16762,0.016,0.017
20250812134732.0,924,坤集团,KHOON GROUP,,0.315,-0.035,-10.0,0.35,0.31,0.32,0.305,1552000,485000,0.305,0.315
20250812135709.0,925,北京建设,BJ PROPERTIES,,0.134,0.0,0.0,0.134,0.133,0.134,0.133,2342000,313634,0.134,0.135
20250812105542.0,926,碧生源,BESUNYEN,,2.85,-0.13,-4.36242,2.98,2.98,2.98,2.85,11000,32650,2.85,0.0
20250812134630.0,927,富士高实业,FUJIKON IND,,0.72,0.0,0.0,0.72,0.0,0.0,0.0,0,0,0.71,0.74
20250812085500.0,928,帝王国际投资,KING INTL INV,,0.094,0.0,0.0,0.094,0.0,0.0,0.0,0,0,0.0,0.0
20250812133100.0,929,国际精密,IPE GROUP,,0.415,0.0,0.0,0.415,0.0,0.0,0.0,0,0,0.42,0.445
20250812134350.0,931,中国港能,CHINA HK POWER,,0.26,0.005,1.96078,0.255,0.25,0.26,0.25,4627000,1189130,0.255,0.26
20250812134206.0,932,顺腾国际控股,SHUNTEN INTL,,0.03,0.001,3.44828,0.029,0.03,0.033,0.03,936000,30020,0.029,0.03
20250812134520.0,933,非凡领越,VIVA GOODS,,0.6,0.02,3.44828,0.58,0.58,0.6,0.58,682000,403360,0.59,0.6
20250812135128.0,934,中石化冠德,SINOPEC KANTONS,,4.54,0.03,0.66519,4.51,4.5,4.56,4.5,412800,1871380,4.53,4.55
20250812103619.0,936,佳兆业资本,KAISA CAPITAL,,0.108,0.0,0.0,0.108,0.0,0.0,0.0,0,0,0.106,0.0
20250812111447.0,938,民生国际,MAN SANG INT'L,,0.56,0.0,0.0,0.56,0.0,0.0,0.0,0,0,0.55,0.59
20250812135727.0,939,建设银行,CCB,,7.93,0.0,0.0,7.93,7.94,7.98,7.9,74863109,594383894,7.93,7.94
20250812135719.0,941,中国移动,CHINA MOBILE,,87.9,0.4,0.45714,87.5,87.75,88.15,87.4,9800136,860078035,87.9,87.95
20250812132206.0,943,中证国际（新）,ZHONGZHENG-NEW,,0.249,0.004,1.63265,0.245,0.245,0.25,0.245,456400,112364,0.246,0.249
20250812135442.0,945,宏利金融－Ｓ,MANULIFE-S,,236.8,-1.0,-0.42052,237.8,236.0,237.4,236.0,13589,3222462,236.60001,237.0
20250812135539.0,947,摩比发展,MOBI DEV,,0.167,0.025,17.60563,0.142,0.147,0.195,0.138,3804000,643269,0.165,0.17
20250812130007.0,948,阿尔法企业,ALPHA PRO HLDGS,,0.232,0.0,0.0,0.232,0.0,0.0,0.0,0,0,0.233,0.25
20250812135629.0,950,李氏大药厂,LEE'S PHARM,,1.92,0.03,1.5873,1.89,1.97,2.03,1.9,9144000,17853030,1.91,1.92
20250812135009.0,951,超威动力,CHAOWEI POWER,,1.41,0.02,1.43885,1.39,1.41,1.41,1.38,67337,94711,1.39,1.41
20250812104127.0,952,华富建业金融,QUAM PLUS FIN,,0.162,-0.003,-1.81818,0.165,0.162,0.162,0.162,610000,98820,0.162,0.165
20250812135635.0,953,邵氏兄弟控股,SHAW BROTHERS,,0.3,-0.015,-4.76191,0.315,0.325,0.33,0.3,10870000,3371240,0.3,0.305
20250812091028.0,954,常茂生物,CHANGMAO BIO,,0.34,0.0,0.0,0.34,0.0,0.0,0.0,0,0,0.32,0.34
20250812135731.0,956,新天绿色能源,CHINA SUNTIEN,,4.38,0.0,0.0,4.38,4.33,4.42,4.33,1725000,7579830,4.37,4.38
20250812085500.0,959,世纪娱乐国际,CENTURY ENT INT,,0.72,0.0,0.0,0.72,0.0,0.0,0.0,0,0,0.0,0.0
20250812135610.0,960,龙湖集团,LONGFOR GROUP,,10.38,0.03,0.28986,10.35,10.38,10.43,10.29,3614951,37480132,10.38,10.39
20250812135730.0,966,中国太平,CHINA TAIPING,,17.53,0.55,3.23911,16.98,16.98,17.55,16.91,5743470,99592508,17.52,17.53
20250812135536.0,968,信义光能,XINYI SOLAR,,3.28,-0.04,-1.20482,3.32,3.31,3.32,3.24,34059853,111472093,3.28,3.29
20250812130002.0,969,华联国际,HUA LIEN INT'L,,0.163,0.0,0.0,0.163,0.0,0.0,0.0,0,0,0.152,0.169
20250812133302.0,970,新耀莱,NEW SPARKLEROLL,,0.6,0.0,0.0,0.6,0.0,0.0,0.0,0,0,0.58,0.61
20250812130350.0,974,中国顺客隆,SKL,,0.62,0.0,0.0,0.62,0.0,0.0,0.0,0,0,0.63,0.74
20250812135733.0,975,MONGOL MINING,MONGOL MINING,,8.28,0.16,1.97044,8.12,8.19,8.3,8.05,6728000,54986998,8.25,8.28
20250812085500.0,976,齐合环保,CHIHO ENV,,0.43,0.0,0.0,0.43,0.0,0.0,0.0,0,0,0.0,0.0
20250812135305.0,978,招商局置地,CHI MER LAND,,0.305,0.005,1.66667,0.3,0.3,0.31,0.3,4066000,1239690,0.3,0.305
20250812134633.0,979,绿色能源科技集团,GREEN ENERGY GP,,0.27,-0.025,-8.47458,0.295,0.3,0.3,0.27,26000,7400,0.26,0.29
20250812130025.0,980,联华超市,LIANHUA,,0.455,0.0,0.0,0.455,0.0,0.0,0.0,600,237,0.415,0.455
20250812135733.0,981,中芯国际,SMIC,,50.85,2.15,4.41478,48.7,48.86,51.55,48.2,84727241,4237278648,50.85,50.9
20250812115848.0,983,瑞安建业,SOCAM DEV,,0.405,-0.03,-6.89655,0.435,0.405,0.405,0.405,4669,1877,0.4,0.43
20250812134124.0,984,永旺,AEON STORES,,0.55,0.0,0.0,0.55,0.53,0.55,0.53,1000,540,0.5,0.55
20250812135705.0,986,杜甫酒业集团,DUFU LIQUOR GP,,0.084,-0.002,-2.32558,0.086,0.088,0.088,0.083,870500,72481,0.083,0.087
20250812132844.0,987,中国再生能源投资,CH RENEW EN INV,,0.139,0.001,0.72464,0.138,0.139,0.143,0.139,40712,5730,0.139,0.143
20250812135317.0,989,华音国际控股,HUA YIN INTL H,,0.75,0.0,0.0,0.75,0.74,0.75,0.68,110500,80235,0.75,0.8
20250812135614.0,990,至源控股,DEEP SOURCE,,0.89,0.03,3.48837,0.86,0.87,0.89,0.85,8750000,7637600,0.88,0.89
20250812135723.0,991,大唐发电,DATANG POWER,,2.04,0.0,0.0,2.04,2.04,2.06,2.03,9985236,20413805,2.04,2.05
20250812135729.0,992,联想集团,LENOVO GROUP,,11.21,0.17,1.53986,11.04,10.96,11.26,10.96,31459322,351041819,11.2,11.21
20250812134845.0,993,信控国际资本,XINKONG INT CAP,,0.204,0.003,1.49254,0.201,0.207,0.207,0.203,479000,97710,0.203,0.204
20250812135517.0,994,中天顺联,CT VISION SL,,0.198,0.002,1.02041,0.196,0.196,0.205,0.196,768000,154480,0.198,0.205
20250812135614.0,995,安徽皖通高速公路,ANHUIEXPRESSWAY,,12.54,-0.02,-0.15924,12.56,12.47,12.66,12.47,980000,12308020,12.5,12.54
20250812100533.0,997,普汇中金国际,CHINLINK INTL,,0.025,0.0,0.0,0.025,0.025,0.025,0.025,80000,2000,0.024,0.025
20250812135728.0,998,中信银行,CITIC BANK,,7.59,0.1,1.33511,7.49,7.49,7.62,7.45,13283651,100672859,7.59,7.6
20250812135622.0,999,小菜园,XIAOCAIYUAN,,9.87,-0.15,-1.49701,10.02,9.99,10.02,9.85,341600,3388328,9.87,9.88
20250812132628.0,1000,北青传媒,BEIJING MEDIA,,0.67,-0.07,-9.45946,0.74,0.76,0.82,0.67,107500,73410,0.68,0.75
20250812112421.0,1001,沪港联合,HK SH ALLIANCE,,0.42,0.0,0.0,0.42,0.0,0.0,0.0,0,0,0.4,0.42
20250812131051.0,1002,威铖国际,V.S. INT'L,,0.056,0.002,3.7037,0.054,0.054,0.06,0.054,380000,20932,0.053,0.056
20250812135448.0,1003,欢喜传媒,HUANXI MEDIA,,0.27,-0.03,-10.0,0.3,0.295,0.295,0.265,13600000,3716750,0.265,0.27
20250812085500.0,1004,中国智慧能源,C SMARTERENERGY,,0.015,0.0,0.0,0.015,0.0,0.0,0.0,0,0,0.0,0.0
20250812104835.0,1005,MATRIX HOLDINGS,MATRIX HOLDINGS,,0.45,0.0,0.0,0.45,0.0,0.0,0.0,0,0,0.45,0.475
20250812085500.0,1007,龙辉国际控股,LONGHUI INTL,,0.07,0.0,0.0,0.07,0.0,0.0,0.0,0,0,0.0,0.0
20250812134519.0,1008,力图控股,LITU HOLDINGS,,0.285,-0.005,-1.72414,0.29,0.285,0.295,0.285,62000,17710,0.285,0.295
20250812112642.0,1009,国际娱乐,INT'L ENT,,1.24,0.0,0.0,1.24,0.0,0.0,0.0,0,0,1.21,1.27
20250812135725.0,1010,天玺曜１１,SKY BLUE 11,,0.104,0.011,11.82796,0.093,0.091,0.105,0.091,2372000,242180,0.1,0.101
20250812134306.0,1011,泰凌医药,NT PHARMA,,0.75,0.02,2.73973,0.73,0.74,0.76,0.74,191950,144413,0.75,0.76
20250812134116.0,1013,伟俊集团控股,WAI CHUN GROUP,,0.184,0.01,5.74713,0.174,0.184,0.184,0.184,10000,1840,0.178,0.19
20250812134539.0,1020,赛伯乐国际控股,CYBERNAUT INT'L,,0.062,0.0,0.0,0.062,0.062,0.063,0.061,6504000,401252,0.062,0.063
20250812135454.0,1022,飞鱼科技,FEIYU,,0.4,0.01,2.5641,0.39,0.385,0.41,0.38,4812000,1920622,0.39,0.4
20250812134405.0,1023,时代集团控股,SITOY GROUP,,0.52,0.01,1.96078,0.51,0.51,0.52,0.51,223000,113850,0.51,0.52
20250812135733.0,1024,快手－Ｗ,KUAISHOU-W,,71.6,-7.3,-9.25222,78.9,78.05,78.45,71.15,75307177,5584270608,71.5,71.6
20250812103402.0,1025,嘉艺控股,KNT HOLDINGS,,0.285,0.0,0.0,0.285,0.295,0.295,0.285,96000,28240,0.285,0.295
20250812114836.0,1026,环球实业科技,UNIVERSAL TECH,,0.145,0.001,0.69444,0.144,0.145,0.145,0.145,50000,7250,0.132,0.14
20250812130016.0,1027,中国集成控股,CHINA JICHENG,,1.27,0.0,0.0,1.27,1.27,1.27,1.27,11250,14250,1.27,1.59
20250812130620.0,1028,千百度,C.BANNER,,0.206,0.0,0.0,0.206,0.0,0.0,0.0,0,0,0.197,0.206
20250812130152.0,1029,铁货,IRC,,0.74,0.0,0.0,0.74,0.74,0.74,0.74,8000,5920,0.74,0.76
20250812135626.0,1030,新城发展,SEAZEN,,2.64,0.02,0.76336,2.62,2.62,2.66,2.6,10768000,28345080,2.63,2.64
20250812135219.0,1033,中石化油服,SINOPEC SSC,,0.81,0.02,2.53165,0.79,0.79,0.81,0.79,15336000,12267240,0.8,0.81
20250812085500.0,1034,富汇国际集团控股,FULLWEALTH,,0.15,0.0,0.0,0.15,0.0,0.0,0.0,0,0,0.0,0.0
20250812134328.0,1036,万科海外,VANKE OVERSEAS,,1.61,-0.04,-2.42424,1.65,1.62,1.62,1.61,217000,350710,1.61,1.64
20250812134049.0,1037,云智汇科技,MAXNERVA TECH,,0.223,-0.007,-3.04348,0.23,0.221,0.223,0.221,194000,43126,0.223,0.225
20250812135728.0,1038,长江基建集团,CKI HOLDINGS,,55.35,-0.65,-1.16071,56.0,56.1,56.1,55.25,421301,23457562,55.3,55.35
20250812134254.0,1039,畅由国际集团,CHANGYOU INT GP,,0.046,0.001,2.22222,0.045,0.045,0.048,0.044,3723000,167239,0.045,0.046
20250812135721.0,1044,恒安国际,HENGAN INT'L,,23.96,-0.32,-1.31796,24.28,24.14,24.34,23.96,1029546,24875517,23.96,23.98
20250812132930.0,1045,亚太卫星,APT SATELLITE,,2.09,0.0,0.0,2.09,2.09,2.12,2.09,734000,1539760,2.09,2.1
20250812133100.0,1046,寰宇娱乐文化,UNIVERSE ENT,,0.365,0.01,2.8169,0.355,0.365,0.365,0.365,10000,3650,0.35,0.395
20250812130028.0,1047,毅兴行,NGAI HING HONG,,0.315,0.0,0.0,0.315,0.0,0.0,0.0,0,0,0.305,0.34
20250812133334.0,1049,时富投资,CELESTIAL ASIA,,0.97,-0.08,-7.61905,1.05,0.97,0.97,0.97,6000,5820,0.97,1.04
20250812113207.0,1050,嘉利国际,KARRIE INT'L,,0.94,-0.01,-1.05263,0.95,0.94,0.94,0.94,211928,199135,0.94,0.95
20250812135427.0,1051,国际资源,G-RESOURCES,,11.0,0.14,1.28913,10.86,10.86,11.11,10.72,1033373,11338803,10.95,11.03
20250812135324.0,1052,越秀交通基建,YUEXIUTRANSPORT,,3.85,0.07,1.85185,3.78,3.79,3.85,3.79,1886000,7223220,3.84,3.85
20250812135728.0,1053,重庆钢铁股份,CHONGQING IRON,,1.46,0.01,0.68966,1.45,1.46,1.48,1.43,19764000,28652200,1.46,1.47
20250812135720.0,1055,中国南方航空股份,CHINA SOUTH AIR,,3.75,0.02,0.53619,3.73,3.73,3.77,3.72,5173852,19421223,3.75,3.76
20250812135639.0,1057,浙江世宝,ZHEJIANG SHIBAO,,5.2,-0.04,-0.76336,5.24,5.2,5.28,5.17,2620000,13686240,5.2,5.22
20250812134324.0,1058,南粤控股,NAMYUE HOLDINGS,,0.425,0.025,6.25,0.4,0.42,0.43,0.42,270000,115100,0.405,0.43
20250812134805.0,1059,看通集团,KANTONE HOLDING,,0.4,0.0,0.0,0.4,0.0,0.0,0.0,0,0,0.4,0.495
20250812135731.0,1060,大麦娱乐,DAMAI ENT,,1.15,-0.02,-1.7094,1.17,1.17,1.2,1.15,267836268,315611168,1.15,1.16
20250812135732.0,1061,亿胜生物科技,ESSEX BIO-TECH,,5.43,-0.15,-2.68817,5.58,5.5,5.62,5.36,674000,3674200,5.43,5.47
20250812130831.0,1062,国开国际投资,CDB INT'L INV,,0.1,-0.001,-0.9901,0.101,0.1,0.1,0.1,110000,11000,0.1,0.109
20250812134835.0,1063,新确科技,SUNCORP TECH,,0.099,0.006,6.45161,0.093,0.092,0.105,0.092,295000,29100,0.098,0.101
20250812130016.0,1064,中华国际,ZHONG HUA INT'L,,0.044,0.0,0.0,0.044,0.0,0.0,0.0,0,0,0.04,0.048
20250812134722.0,1065,天津创业环保股份,TIANJIN CAPITAL,,4.1,0.09,2.24439,4.01,4.02,4.12,4.02,828000,3379060,4.08,4.1
20250812135629.0,1066,威高股份,WEIGAO GROUP,,6.8,-0.19,-2.71817,6.99,7.0,7.0,6.74,4265273,29130698,6.79,6.8
20250812135706.0,1068,雨润食品,YURUN FOOD,,0.157,-0.004,-2.48447,0.161,0.164,0.164,0.157,408194,64581,0.157,0.161
20250812132345.0,1069,中国健康科技集团,CN HEALTH TECH,,0.455,-0.03,-6.18557,0.485,0.465,0.49,0.45,1041900,485989,0.465,0.47
20250812135732.0,1070,ＴＣＬ电子,TCL ELECTRONICS,,9.59,0.03,0.31381,9.56,9.56,9.65,9.48,7196000,68923218,9.58,9.59
20250812135728.0,1071,华电国际电力股份,HUADIAN POWER,,4.36,0.01,0.22989,4.35,4.35,4.4,4.35,2312096,10118001,4.36,4.37
20250812135733.0,1072,东方电气,DONGFANG ELEC,,18.45,-0.13,-0.69968,18.58,18.6,18.71,18.36,6615600,122182704,18.45,18.48
20250812130002.0,1073,大禹金融,DA YU FIN,,0.133,0.0,0.0,0.133,0.133,0.133,0.133,100000,13300,0.13,0.135
20250812135038.0,1075,首都信息,CAPINFO,,2.74,0.03,1.10701,2.71,2.7,2.8,2.7,35200,96080,2.68,2.74
20250812135402.0,1079,松景科技,PINE TECH,,0.41,-0.015,-3.52941,0.425,0.435,0.46,0.38,29840000,12401930,0.405,0.41
20250812135540.0,1080,胜利管道,SHENGLI PIPE,,0.139,-0.012,-7.94702,0.151,0.151,0.156,0.135,12435000,1781997,0.139,0.142
20250812105744.0,1082,源宇宙教育,BDV EDU INTL,,1.48,0.01,0.68027,1.47,1.48,1.48,1.48,16000,23680,1.48,1.49
20250812135438.0,1083,港华智慧能源,TG SMART ENERGY,,4.27,0.05,1.18483,4.22,4.25,4.35,4.21,6401812,27359311,4.26,4.27
20250812130707.0,1084,绿新生物科技,GREEN FRESH BIO,,0.69,0.0,0.0,0.69,0.68,0.7,0.68,218000,150380,0.68,0.69
20250812101935.0,1085,亨鑫科技,HXTL,,1.32,0.0,0.0,1.32,1.25,1.32,1.25,18000,22640,1.23,1.31
20250812135656.0,1086,好孩子国际,GOODBABY INTL,,1.1,0.02,1.85185,1.08,1.07,1.11,1.07,1994000,2177700,1.09,1.1
20250812134806.0,1087,威讯控股,INVESTECH HLDGS,,0.69,0.0,0.0,0.69,0.0,0.0,0.0,0,0,0.5,0.66
20250812135727.0,1088,中国神华,CHINA SHENHUA,,37.62,0.98,2.67467,36.64,36.64,37.84,36.64,13198675,493686679,37.6,37.64
20250812130000.0,1090,大明国际,DA MING INT'L,,0.85,0.0,0.0,0.85,0.0,0.0,0.0,0,0,0.8,0.85
20250812134921.0,1091,南方锰业,SOUTH MANGANESE,,0.37,-0.005,-1.33333,0.375,0.375,0.38,0.365,5784000,2154430,0.37,0.375
20250812135730.0,1093,石药集团,CSPC PHARMA,,10.15,-0.21,-2.02703,10.36,10.32,10.46,10.06,75247697,767840322,10.15,10.16
20250812130732.0,1094,承辉国际,CHERISH SUN,,0.53,0.0,0.0,0.53,0.53,0.54,0.53,377120,201840,0.53,0.54
20250812135655.0,1097,有线宽频,I-CABLE COMM,,0.069,-0.001,-1.42857,0.07,0.07,0.073,0.067,22522918,1558234,0.068,0.07
20250812130004.0,1098,路劲,ROAD KING INFRA,,0.87,-0.02,-2.24719,0.89,0.88,0.88,0.86,96000,83350,0.87,0.88
20250812135614.0,1099,国药控股,SINOPHARM,,18.94,0.0,0.0,18.94,18.94,19.07,18.94,1026535,19500581,18.94,18.95
20250812131343.0,1100,飞达控股,MAINLAND HOLD,,1.48,0.01,0.68027,1.47,1.48,1.48,1.48,2500,3670,1.45,1.48
20250812085500.0,1101,华荣能源,HUARONG ENERGY,,0.02,0.0,0.0,0.02,0.0,0.0,0.0,0,0,0.0,0.0
20250812134752.0,1102,环能国际,ENVIRO ENERGY,,0.047,0.0,0.0,0.047,0.047,0.048,0.047,1090000,51274,0.047,0.048
20250812133813.0,1104,亚太资源,APAC RESOURCES,,1.47,0.0,0.0,1.47,1.46,1.47,1.45,1115900,1634110,1.46,1.47
20250812131802.0,1105,星岛,SING TAO,,0.24,-0.008,-3.22581,0.248,0.239,0.24,0.239,10000,2396,0.239,0.255
20250812085500.0,1107,当代置业,MODERN LAND,,0.021,0.0,0.0,0.021,0.0,0.0,0.0,0,0,0.0,0.0
20250812135624.0,1108,凯盛新能,TRIUMPH NEW EN,,4.9,-0.08,-1.60643,4.98,5.0,5.02,4.87,1134000,5572860,4.87,4.9
20250812135732.0,1109,华润置地,CHINA RES LAND,,30.8,0.46,1.51615,30.34,30.34,30.96,30.3,3818274,117288697,30.78,30.8
20250812134620.0,1110,金活医药集团,KINGWORLD,,0.56,0.0,0.0,0.56,0.56,0.57,0.56,727613,410874,0.56,0.57
20250812130009.0,1111,华视集团控股,HUASHI GROUP,,0.249,-0.006,-2.35294,0.255,0.249,0.249,0.249,152000,37848,0.247,0.249
20250812135733.0,1112,Ｈ＆Ｈ国际控股,H&H INTL HLDG,,11.66,-0.21,-1.76917,11.87,11.87,12.04,11.61,2108500,25057252,11.66,11.68
20250812135724.0,1113,长实集团,CK ASSET,,37.4,-0.06,-0.16017,37.46,37.54,37.62,37.32,1306026,48917158,37.36,37.4
20250812135727.0,1114,BRILLIANCE CHI,BRILLIANCE CHI,,3.6,0.24,7.14286,3.36,3.42,3.7,3.39,126495500,456002225,3.59,3.6
20250812133632.0,1115,西藏水资源,TIBET WATER,,0.45,0.0,0.0,0.45,0.46,0.47,0.45,2810000,1301300,0.45,0.46
20250812135450.0,1116,慧源同创科技,HC TECH GP,,0.295,0.0,0.0,0.295,0.295,0.295,0.295,170000,50150,0.285,0.295
20250812135733.0,1117,现代牧业,CH MODERN D,,1.46,0.2,15.87302,1.26,1.25,1.49,1.25,220812016,311625429,1.46,1.47
20250812130019.0,1118,高力集团,GOLIK HOLDINGS,,1.0,0.0,0.0,1.0,0.0,0.0,0.0,0,0,0.97,1.03
20250812135544.0,1119,创梦天地,IDREAMSKY,,1.04,-0.02,-1.88679,1.06,1.05,1.07,1.04,13088000,13850584,1.04,1.05
20250812134601.0,1120,雅视光学,ARTS OPTICAL,,1.06,0.0,0.0,1.06,0.0,0.0,0.0,0,0,1.03,1.09
20250812130028.0,1121,金阳新能源,GOLDENSOLAR,,1.53,0.05,3.37838,1.48,1.45,1.53,1.45,12000,17560,1.46,1.51
20250812134600.0,1122,庆铃汽车股份,QINGLING MOTORS,,0.79,-0.01,-1.25,0.8,0.8,0.8,0.79,2094000,1656240,0.79,0.8
20250812135612.0,1123,中港照相,CHINA-HK PHOTO,,0.115,0.0,0.0,0.115,0.118,0.119,0.115,140000,16480,0.114,0.124
20250812131524.0,1124,沿海家园,COASTAL GL,,0.15,0.0,0.0,0.15,0.15,0.15,0.15,60000,9000,0.142,0.16
20250812090540.0,1125,丽丰控股,LAI FUNG HOLD,,0.96,0.0,0.0,0.96,0.0,0.0,0.0,0,0,0.91,0.98
20250812135638.0,1126,德林国际,DREAM INT'L,,13.54,-0.32,-2.3088,13.86,13.92,14.7,13.53,1146800,16042934,13.54,13.61
20250812133814.0,1127,狮子山集团,LION ROCK GROUP,,1.41,-0.01,-0.70423,1.42,1.41,1.41,1.4,16015500,22439220,1.4,1.41
20250812135719.0,1128,永利澳门,WYNN MACAU,,6.31,0.05,0.79872,6.26,6.25,6.34,6.21,8305100,52161300,6.3,6.31
20250812133431.0,1129,中国水业集团,WATER INDUSTRY,,0.365,-0.015,-3.94737,0.38,0.385,0.425,0.36,3565280,1409481,0.365,0.37
20250812134523.0,1130,中国环境资源,CHINA ENV RES,,0.65,0.01,1.5625,0.64,0.64,0.65,0.64,640000,415800,0.64,0.66
20250812112201.0,1132,橙天嘉禾,ORANGE SKY G H,,0.051,-0.002,-3.77359,0.053,0.051,0.051,0.051,40000,2040,0.051,0.054
20250812135726.0,1133,哈尔滨电气,HARBIN ELECTRIC,,7.47,0.05,0.67385,7.42,7.42,7.48,7.3,4048000,29845700,7.46,7.47
20250812113313.0,1134,恒发光学,KELFRED,,0.19,0.0,0.0,0.19,0.19,0.19,0.19,16000,3040,0.183,0.19
20250812134137.0,1137,香港科技探索,HK TECH VENTURE,,1.61,-0.04,-2.42424,1.65,1.62,1.64,1.6,149000,241140,1.61,1.63
20250812135718.0,1138,中远海能,COSCO SHIP ENGY,,6.7,-0.09,-1.32548,6.79,6.74,6.8,6.7,6192000,41805280,6.7,6.72
20250812133725.0,1140,华科智能投资,WEALTHINK AI,,0.093,0.001,1.08696,0.092,0.09,0.095,0.09,2520000,235492,0.092,0.093
20250812135109.0,1141,民银资本,CMBC CAPITAL,,0.67,0.0,0.0,0.67,0.69,0.69,0.67,161000,108400,0.66,0.67
20250812135720.0,1142,能源及能量环球,E&P GLOBAL,,4.66,-0.04,-0.85106,4.7,4.87,4.87,4.6,5464150,25455647,4.64,4.66
20250812135716.0,1143,中国储能科技发展,CN ENGY STORAGE,,0.465,0.01,2.1978,0.455,0.46,0.465,0.46,512800,238408,0.46,0.465
20250812130657.0,1145,勇利投资,COURAGE INV,,0.169,0.0,0.0,0.169,0.0,0.0,0.0,0,0,0.162,0.169
20250812131713.0,1146,汇成国际控股,HUICHENG INTL H,,0.077,-0.001,-1.28205,0.078,0.071,0.077,0.071,10000,722,0.071,0.077
20250812135405.0,1147,伊登软件,EDENSOFT,,0.159,0.008,5.29801,0.151,0.152,0.171,0.152,9410000,1509040,0.157,0.16
20250812130628.0,1148,新晨动力,POWER XINCHEN,,0.235,-0.002,-0.84388,0.237,0.237,0.237,0.23,68000,15778,0.23,0.235
20250812130146.0,1150,米兰站,MILAN STATION,,0.127,0.0,0.0,0.127,0.0,0.0,0.0,2500,275,0.116,0.127
20250812135524.0,1152,正乾金融控股,MOMENTUM FIN,,0.187,-0.008,-4.10256,0.195,0.195,0.195,0.181,2108000,392646,0.185,0.187
20250812130754.0,1153,佳源服务,JIAYUAN SER,,0.485,0.005,1.04167,0.48,0.485,0.485,0.485,3000,1455,0.475,0.495
20250812135703.0,1156,CHINANEWENERGY,CHINANEWENERGY,,0.117,0.007,6.36364,0.11,0.11,0.117,0.11,1364000,153156,0.11,0.117
20250812135702.0,1157,中联重科,ZOOMLION,,6.58,-0.12,-1.79105,6.7,6.7,6.7,6.56,7341160,48607241,6.59,6.6
20250812135158.0,1159,智数科技集团,SMART DIGI TECH,,3.5,-0.15,-4.10959,3.65,3.64,3.64,3.5,120000,422300,3.51,3.64
20250812101602.0,1160,金石资本集团,GOLDSTONE CAP,,0.32,0.0,0.0,0.32,0.0,0.0,0.0,0,0,0.0,0.38
20250812115134.0,1161,奥思集团,WATER OASIS GP,,0.88,-0.01,-1.1236,0.89,0.9,0.9,0.88,100000,89200,0.88,0.89
20250812132120.0,1162,莹岚集团,LUMINA GROUP,,0.265,-0.005,-1.85185,0.27,0.27,0.27,0.26,568000,152840,0.26,0.27
20250812093209.0,1163,虎视传媒,ADTIGER CORP,,0.154,0.0,0.0,0.154,0.0,0.0,0.0,0,0,0.14,0.151
20250812135729.0,1164,中广核矿业,CGN MINING,,2.24,0.0,0.0,2.24,2.22,2.28,2.22,18765000,42312150,2.24,2.25
20250812135548.0,1165,顺风清洁能源,SFCE,,0.024,0.0,0.0,0.024,0.023,0.024,0.021,6494000,149198,0.023,0.024
20250812130155.0,1166,星凯控股,SOLARTECH INT'L,,0.51,0.0,0.0,0.51,0.0,0.0,0.0,5878,2703,0.51,0.58
20250812135716.0,1167,加科思－Ｂ,JACOBIO-B,,7.3,-0.04,-0.54496,7.34,7.44,7.48,7.0,2141400,15316888,7.27,7.3
20250812135713.0,1168,百仕达控股,SINOLINK HOLD,,8.4,-0.1,-1.17647,8.5,8.44,8.73,8.4,360620,3091808,8.4,8.45
20250812130000.0,1170,信星集团,KINGMAKER,,0.55,0.0,0.0,0.55,0.55,0.55,0.55,324000,178200,0.54,0.55
20250812135733.0,1171,兖矿能源,YANKUANG ENERGY,,9.72,0.24,2.53165,9.48,9.52,9.75,9.52,29386625,284663671,9.7,9.72
20250812112205.0,1172,融太集团,MAGNUSCONCORDIA,,0.026,0.0,0.0,0.026,0.0,0.0,0.0,0,0,0.023,0.026
20250812101713.0,1173,威高国际,VEEKO INT'L,,0.024,0.0,0.0,0.024,0.0,0.0,0.0,0,0,0.024,0.025
20250812104002.0,1176,珠光控股,ZHUGUANG HOLD,,0.062,-0.003,-4.61539,0.065,0.063,0.063,0.062,420000,26312,0.063,0.064
20250812135730.0,1177,中国生物制药,SINO BIOPHARM,,7.46,0.03,0.40377,7.43,7.42,7.59,7.39,68757617,513983534,7.45,7.46
20250812135620.0,1179,华住集团－Ｓ,HWORLD-S,,25.48,0.06,0.23604,25.42,25.34,25.68,25.22,1098200,28060348,25.48,25.5
20250812131552.0,1180,汇彩控股,PARADISE ENT,,0.99,-0.01,-1.0,1.0,1.0,1.0,0.99,30000,29860,0.99,1.0
20250812135548.0,1181,唐宫中国,TANG PALACE,,0.191,0.01,5.52486,0.181,0.187,0.199,0.182,1607000,306624,0.19,0.198
20250812132119.0,1182,胜龙国际,SUCCESS DRAGON,,0.55,0.0,0.0,0.55,0.0,0.0,0.0,0,0,0.5,0.59
20250812134826.0,1183,澳能建设,MECOM POWER,,0.174,0.001,0.57804,0.173,0.169,0.175,0.169,185000,31562,0.172,0.174
20250812134521.0,1184,S.A.S. DRAGON,S.A.S. DRAGON,,4.6,-0.05,-1.07527,4.65,4.69,4.69,4.6,6000,27780,4.56,4.67
20250812085500.0,1185,中国航天万源,CHINA ENERGINE,,0.04,0.0,0.0,0.04,0.0,0.0,0.0,0,0,0.0,0.0
20250812135613.0,1186,中国铁建,CHINA RAIL CONS,,5.74,0.03,0.52539,5.71,5.71,5.77,5.7,5417000,31088990,5.73,5.74
20250812085500.0,1188,正道集团,HYBRID KINETIC,,0.012,0.0,0.0,0.012,0.0,0.0,0.0,0,0,0.0,0.0
20250812085500.0,1189,大湾区聚变力量,GBA DYNAMIC,,0.048,0.0,0.0,0.048,0.0,0.0,0.0,0,0,0.0,0.0
20250812135725.0,1193,华润燃气,CHINA RES GAS,,20.1,0.27,1.36157,19.83,19.83,20.26,19.8,4545810,91447426,20.1,20.12
20250812090006.0,1195,京维集团,KINGWELL GROUP,,0.022,0.0,0.0,0.022,0.0,0.0,0.0,0,0,0.02,0.022
20250812135713.0,1196,伟禄集团,REALORD GROUP,,11.93,0.54,4.741,11.39,11.39,12.0,11.1,4524000,53014520,11.88,11.93
20250812135302.0,1198,皇朝家居,ROYALE HOME,,0.26,0.0,0.0,0.26,0.255,0.27,0.235,300000,78390,0.26,0.265
20250812135716.0,1199,中远海运港口,COSCO SHIP PORT,,5.64,0.03,0.53476,5.61,5.65,5.7,5.59,4005255,22615254,5.64,5.65
20250812134440.0,1200,美联集团,MIDLAND HOLDING,,1.86,-0.04,-2.10526,1.9,1.9,1.91,1.86,168000,314040,1.86,1.87
20250812134509.0,1201,天臣控股,TESSON HOLDINGS,,0.58,-0.01,-1.69492,0.59,0.59,0.59,0.58,42000,24690,0.58,0.65
20250812135703.0,1202,四威科技,SIWI SCI & TECH,,1.08,0.08,8.0,1.0,1.06,1.09,1.01,1168000,1215020,1.03,1.08
20250812130020.0,1203,广南（集团）,GUANGNAN (HOLD),,0.89,-0.02,-2.1978,0.91,0.9,0.9,0.89,271400,242640,0.89,0.9
20250812132037.0,1204,博维智慧,BOARDWARE INTEL,,1.59,0.0,0.0,1.59,0.0,0.0,0.0,0,0,1.49,1.59
20250812135657.0,1205,中信资源,CITIC RESOURCES,,0.41,0.005,1.23457,0.405,0.405,0.41,0.405,662000,268710,0.405,0.41
20250812132029.0,1206,同方泰德,TECHNOVATOR,,0.345,0.0,0.0,0.345,0.0,0.0,0.0,0,0,0.335,0.35
20250812135734.0,1208,五矿资源,MMG,,4.2,0.0,0.0,4.2,4.21,4.25,4.15,18490682,77769846,4.19,4.2
20250812135716.0,1209,华润万象生活,CHINA RES MIXC,,39.36,0.32,0.81967,39.04,39.1,39.54,38.86,910603,35733606,39.34,39.36
20250812135724.0,1211,比亚迪股份,BYD COMPANY,,111.1,-0.4,-0.35874,111.5,110.9,112.3,110.8,13932023,1555224125,111.1,111.2
20250812130000.0,1213,万保刚集团,MOBICON GROUP,,0.26,0.0,0.0,0.26,0.0,0.0,0.0,0,0,0.26,0.29
20250812090000.0,1215,开源控股,KAI YUAN HLDGS,,0.015,0.0,0.0,0.015,0.0,0.0,0.0,0,0,0.014,0.015
20250812132730.0,1216,中原银行,ZYBANK,,0.35,0.0,0.0,0.35,0.355,0.355,0.35,483000,169315,0.35,0.355
20250812113116.0,1217,中国创新投资,CH INNOVATION,,0.012,-0.001,-7.69231,0.013,0.013,0.013,0.012,11880000,144440,0.012,0.013
20250812115502.0,1218,永义国际,EASYKNIT INT'L,,1.55,0.0,0.0,1.55,0.0,0.0,0.0,0,0,1.52,0.0
20250812085500.0,1220,志道国际,ZHIDAO INT'L,,0.056,0.0,0.0,0.056,0.0,0.0,0.0,0,0,0.0,0.0
20250812090110.0,1221,SINO HOTELS,SINO HOTELS,,1.5,0.0,0.0,1.5,0.0,0.0,0.0,0,0,1.5,1.55
20250812111914.0,1222,WANG ON GROUP,WANG ON GROUP,,0.023,0.0,0.0,0.023,0.0,0.0,0.0,6460,116,0.023,0.024
20250812135035.0,1223,新沣集团,SYMPHONY HOLD,,1.04,0.02,1.96078,1.02,1.02,1.05,1.0,2820000,2905200,1.03,1.04
20250812130055.0,1224,中渝置地,C C LAND,,1.19,-0.01,-0.83333,1.2,1.2,1.2,1.14,67000,79930,1.19,1.2
20250812130025.0,1225,隆成金融,LERADO FIN,,0.22,-0.007,-3.0837,0.227,0.22,0.22,0.22,24400,5190,0.22,0.243
20250812113237.0,1226,中国投融资,CH INV FIN GP,,1.01,0.0,0.0,1.01,0.0,0.0,0.0,0,0,1.05,1.1
20250812085500.0,1228,北海康成－Ｂ,CANBRIDGE-B,,1.67,0.0,0.0,1.67,0.0,0.0,0.0,0,0,0.0,0.0
20250812132529.0,1229,南南资源,NAN NAN RES,,0.243,-0.005,-2.01613,0.248,0.24,0.244,0.237,738000,178026,0.243,0.245
20250812131324.0,1231,新矿资源,NEWTON RES,,0.216,0.0,0.0,0.216,0.216,0.216,0.216,18000,3888,0.22,0.216
20250812133053.0,1232,金轮天地控股,GW TIANDI,,0.74,0.0,0.0,0.74,0.0,0.0,0.0,0,0,0.62,0.74
20250812132018.0,1233,时代中国控股,TIMES CHINA,,0.19,-0.005,-2.5641,0.195,0.19,0.194,0.19,159000,30262,0.188,0.19
20250812135345.0,1234,中国利郎,CHINA LILANG,,3.7,-0.18,-4.63918,3.88,3.88,3.88,3.68,1353000,5083572,3.69,3.7
20250812104620.0,1235,专业旅运,TRAVEL EXPERT,,0.154,0.0,0.0,0.154,0.0,0.0,0.0,0,0,0.154,0.159
20250812114655.0,1237,中科生物,CH ENV TECH&BIO,,1.12,0.08,7.69231,1.04,1.04,1.12,1.04,96160,105037,1.07,1.15
20250812135549.0,1238,宝龙地产,POWERLONG,,0.345,-0.025,-6.75676,0.37,0.355,0.365,0.345,786000,277055,0.345,0.355
20250812131236.0,1239,TEAMWAY INTL GP,TEAMWAY INTL GP,,0.23,0.011,5.02283,0.219,0.23,0.23,0.23,20000,4600,0.219,0.242
20250812135107.0,1240,青建国际,CNQC INT'L,,0.228,0.0,0.0,0.228,0.0,0.0,0.0,0,0,0.215,0.228
20250812113000.0,1241,双桦控股,SHUANGHUA H,,0.135,0.009,7.14286,0.126,0.117,0.135,0.117,174000,22586,0.125,0.134
20250812131952.0,1243,宏安地产,WANG ON PPT,,0.035,0.0,0.0,0.035,0.035,0.035,0.033,4464000,155368,0.034,0.035
20250812135623.0,1244,思路迪医药股份,3D MEDICINES,,7.6,-0.46,-5.7072,8.06,8.06,8.06,7.54,596000,4621170,7.67,7.75
20250812135711.0,1245,NIRAKU,NIRAKU,,0.23,0.031,15.57789,0.199,0.186,0.23,0.186,434000,93238,0.215,0.238
20250812085500.0,1246,保集健康,BOILLHEALTHCARE,,0.021,0.0,0.0,0.021,0.0,0.0,0.0,0,0,0.0,0.0
20250812134803.0,1247,米格国际控股,MIKO INTL,,1.99,-0.01,-0.5,2.0,2.0,2.0,1.98,264000,526080,1.99,2.0
20250812135034.0,1250,山高新能源,SDHS NEW ENERGY,,2.34,-0.03,-1.26582,2.37,2.38,2.38,2.34,70000,164550,2.33,2.36
20250812134550.0,1251,华油能源,SPT ENERGY,,0.249,-0.001,-0.4,0.25,0.25,0.25,0.249,700000,174950,0.245,0.249
20250812135423.0,1252,中国天瑞水泥,CHINA TIANRUI,,0.295,0.0,0.0,0.295,0.295,0.3,0.29,4843000,1426255,0.29,0.3
20250812130206.0,1253,中国绿地博大绿泽,GREENLAND BROAD,,0.018,0.001,5.88235,0.017,0.017,0.018,0.017,232000,3960,0.016,0.018
20250812085500.0,1255,ＴＡＴＡ健康,TATA HEALTH,,0.3,0.0,0.0,0.3,0.0,0.0,0.0,0,0,0.0,0.0
20250812135214.0,1257,中国光大绿色环保,CEB GREENTECH,,0.89,0.0,0.0,0.89,0.91,0.91,0.89,231303,207620,0.89,0.91
20250812135734.0,1258,中国有色矿业,CHINFMINING,,7.68,0.02,0.2611,7.66,7.64,7.76,7.59,5478912,42029649,7.67,7.68
20250812134945.0,1259,未来发展控股,PROSPER FUTURE,,0.032,0.006,23.07692,0.026,0.026,0.033,0.026,82290000,2480405,0.031,0.032
20250812111313.0,1260,皓天财经集团,WONDERFUL SKY,,0.405,0.0,0.0,0.405,0.405,0.405,0.405,144000,58320,0.405,0.42
20250812132641.0,1262,蜡笔小新食品,LABIXIAOXIN,,1.93,0.0,0.0,1.93,0.0,0.0,0.0,0,0,1.93,2.19
20250812135532.0,1263,栢能集团,PC PARTNER,,7.12,-0.04,-0.55866,7.16,7.16,7.19,7.05,1306002,9284554,7.11,7.13
20250812130030.0,1265,天津津燃公用,TIANJINJINRAN,,0.225,0.0,0.0,0.225,0.225,0.225,0.225,30000,6750,0.213,0.225
20250812134905.0,1268,美东汽车,MEIDONG AUTO,,2.14,0.04,1.90476,2.1,2.12,2.19,2.11,1283170,2767293,2.14,2.15
20250812132437.0,1269,首控集团,FIRST CAP GP,,0.049,-0.004,-7.54717,0.053,0.05,0.05,0.049,1580000,78990,0.049,0.053
20250812135630.0,1270,朗廷－ＳＳ,LANGHAM-SS,,0.62,0.01,1.63934,0.61,0.6,0.63,0.6,1686000,1047180,0.62,0.63
20250812135601.0,1271,佳明集团控股,GRAND MING,,1.29,0.04,3.2,1.25,1.28,1.29,1.27,75000,96000,1.27,1.3
20250812131405.0,1272,大唐环境,DATANG ENVIRO,,1.25,0.0,0.0,1.25,1.25,1.26,1.25,113000,141320,1.25,1.26
20250812093001.0,1273,香港信贷,HK FINANCE GP,,0.44,0.0,0.0,0.44,0.0,0.0,0.0,0,0,0.425,0.445
20250812135733.0,1274,知行科技,IMOTIONTECH,,13.9,-0.09,-0.64332,13.99,14.09,14.19,13.82,2876000,40220332,13.86,13.9
20250812135729.0,1276,恒瑞医药,HENGRUI PHARMA,,75.2,-2.4,-3.09278,77.6,77.6,77.9,75.0,2222495,168393680,75.15,75.2
20250812135303.0,1277,力量发展,KINETIC DEV,,1.23,0.03,2.5,1.2,1.21,1.23,1.2,10102000,12270280,1.22,1.23
20250812135231.0,1278,中国新城镇,CHINANEWTOWN,,0.114,-0.002,-1.72414,0.116,0.117,0.125,0.113,1160000,134990,0.114,0.116
20250812135459.0,1280,奇点国峰,QIDIAN GUOFENG,,4.69,0.17,3.76106,4.52,4.52,4.7,4.52,858500,3990060,4.67,4.7
20250812104912.0,1281,鑫达投资控股,XINDA INV HLDGS,,0.12,0.0,0.0,0.12,0.0,0.0,0.0,0,0,0.109,0.12
20250812133737.0,1282,中泽丰,RENZE HARVEST,,0.16,0.002,1.26582,0.158,0.158,0.16,0.158,1088000,174000,0.155,0.164
20250812134010.0,1283,高陞集团控股,ACCEL GROUP,,1.67,0.02,1.21212,1.65,1.67,1.68,1.65,200000,333850,1.64,1.67
20250812132126.0,1284,新传企划,NEW MEDIA LAB,,0.31,0.01,3.33333,0.3,0.3,0.31,0.3,1330000,399200,0.3,0.31
20250812111634.0,1285,嘉士利集团,JIASHILI GP,,1.08,0.0,0.0,1.08,1.08,1.08,1.08,10000,10800,1.04,1.08
20250812135703.0,1286,鹰普精密,IMPRO PRECISION,,3.82,0.12,3.24324,3.7,3.68,3.86,3.66,4822000,17938080,3.81,3.82
20250812135730.0,1288,农业银行,ABC,,5.48,0.1,1.85874,5.38,5.4,5.5,5.4,75035427,409870708,5.48,5.49
